<?xml version="1.0" encoding="UTF-8"?>
<!DOCTYPE html PUBLIC "-//W3C//DTD XHTML 1.0 Transitional//EN"
    "http://www.w3.org/TR/xhtml1/DTD/xhtml1-transitional.dtd">
<html xmlns="http://www.w3.org/1999/xhtml" xml:lang="en" lang="en">
 <head>
  <title>
</title>
<meta http-equiv="Content-Type" content="text/html;charset=utf-8" />
  <meta name='ocr-system' content='tesseract 3.04.00' />
  <meta name='ocr-capabilities' content='ocr_page ocr_carea ocr_par ocr_line ocrx_word'/>
</head>
<body>
  <div class='ocr_page' id='page_1' title='image "./dethemistiosoph00baregoog_0034.png"; bbox 0 0 2752 4688; ppageno 0'>
   <div class='ocr_carea' id='block_1_1' title="bbox 602 253 809 319">
    <p class='ocr_par' dir='ltr' id='par_1_1' title="bbox 602 253 809 319">
     <span class='ocr_line' id='line_1_1' title="bbox 602 253 809 319; baseline 0.048 -9"><span class='ocrx_word' id='word_1_1' title='bbox 602 253 809 319; x_wconf 76' lang='lat'>..23-=</span> 
     </span>
    </p>
   </div>
   <div class='ocr_carea' id='block_1_2' title="bbox 143 385 1241 3601">
    <p class='ocr_par' dir='ltr' id='par_1_2' title="bbox 154 385 1230 1284">
     <span class='ocr_line' id='line_1_2' title="bbox 155 385 1229 480; baseline -0.002 -21"><span class='ocrx_word' id='word_1_2' title='bbox 155 385 305 460; x_wconf 76' lang='lat' dir='ltr'><strong>Platonis</strong></span> <span class='ocrx_word' id='word_1_3' title='bbox 320 389 533 480; x_wconf 71' lang='lat' dir='ltr'><strong>interpretes,</strong></span> <span class='ocrx_word' id='word_1_4' title='bbox 552 389 674 456; x_wconf 83' lang='lat' dir='ltr'><strong>acriter</strong></span> <span class='ocrx_word' id='word_1_5' title='bbox 691 387 874 457; x_wconf 87' lang='lat' dir='ltr'><strong>insectatus</strong></span> <span class='ocrx_word' id='word_1_6' title='bbox 892 411 962 456; x_wconf 78' lang='lat' dir='ltr'><strong>esse</strong></span> <span class='ocrx_word' id='word_1_7' title='bbox 978 386 1123 456; x_wconf 82' lang='lat' dir='ltr'><strong>videtur.</strong></span> <span class='ocrx_word' id='word_1_8' title='bbox 1145 391 1229 457; x_wconf 80' lang='lat' dir='ltr'><strong>Ista·</strong></span> 
     </span>
     <span class='ocr_line' id='line_1_3' title="bbox 155 496 1225 597; baseline -0.002 -26"><span class='ocrx_word' id='word_1_9' title='bbox 155 526 231 572; x_wconf 91' lang='lat' dir='ltr'><strong>rum</strong></span> <span class='ocrx_word' id='word_1_10' title='bbox 251 496 332 570; x_wconf 77' lang='lat' dir='ltr'><strong>vero</strong></span> <span class='ocrx_word' id='word_1_11' title='bbox 352 501 456 597; x_wconf 82' lang='lat' dir='ltr'><strong>orgiis</strong></span> <span class='ocrx_word' id='word_1_12' title='bbox 477 502 651 596; x_wconf 86' lang='lat' dir='ltr'><strong>Eunapius</strong></span> <span class='ocrx_word' id='word_1_13' title='bbox 672 514 860 595; x_wconf 83' lang='lat' dir='ltr'><strong>auctorest</strong></span> <span class='ocrx_word' id='word_1_14' title='bbox 882 502 1059 587; x_wconf 78' lang='lat' dir='ltr'><strong>¹initiatum</strong></span> <span class='ocrx_word' id='word_1_15' title='bbox 1081 499 1183 570; x_wconf 84' lang='lat' dir='ltr'><strong>fuisse</strong></span> <span class='ocrx_word' id='word_1_16' title='bbox 1207 502 1225 569; x_wconf 74' lang='lat' dir='ltr'><strong>i</strong></span> 
     </span>
     <span class='ocr_line' id='line_1_4' title="bbox 154 613 1230 711; baseline -0.005 -22"><span class='ocrx_word' id='word_1_17' title='bbox 154 617 300 689; x_wconf 82' lang='lat' dir='ltr'><strong>Maximo</strong></span> <span class='ocrx_word' id='word_1_18' title='bbox 327 613 531 710; x_wconf 83' lang='lat' dir='ltr'><strong>philosopho</strong></span> <span class='ocrx_word' id='word_1_19' title='bbox 557 614 748 704; x_wconf 76' lang='lat' dir='ltr'><strong>lulianum,</strong></span> <span class='ocrx_word' id='word_1_20' title='bbox 773 629 948 709; x_wconf 86' lang='lat' dir='ltr'><strong>totamque</strong></span> <span class='ocrx_word' id='word_1_21' title='bbox 971 614 1136 711; x_wconf 81' lang='lat' dir='ltr'><strong>theurgiae</strong></span> <span class='ocrx_word' id='word_1_22' title='bbox 1171 614 1230 684; x_wconf 91' lang='lat' dir='ltr'><strong>do·</strong></span> 
     </span>
     <span class='ocr_line' id='line_1_5' title="bbox 155 713 1230 826; baseline 0 -27"><span class='ocrx_word' id='word_1_23' title='bbox 155 730 298 800; x_wconf 85' lang='lat' dir='ltr'><strong>utrinam</strong></span> <span class='ocrx_word' id='word_1_24' title='bbox 317 714 417 799; x_wconf 71' lang='lat' dir='ltr'><strong>arido</strong></span> <span class='ocrx_word' id='word_1_25' title='bbox 436 745 572 825; x_wconf 81' lang='lat' dir='ltr'><strong>pectore</strong></span> <span class='ocrx_word' id='word_1_26' title='bbox 597 713 797 800; x_wconf 83' lang='lat' dir='ltr'><strong>combibisse</strong></span> <span class='ocrx_word' id='word_1_27' title='bbox 817 728 884 826; x_wconf 77' lang='grc' dir='ltr'><strong>(ι).</strong></span> <span class='ocrx_word' id='word_1_28' title='bbox 911 733 1063 824; x_wconf 79' lang='lat' dir='ltr'><strong>Namque</strong></span> <span class='ocrx_word' id='word_1_29' title='bbox 1085 756 1116 799; x_wconf 87' lang='lat' dir='ltr'><strong>a.</strong></span> <span class='ocrx_word' id='word_1_30' title='bbox 1147 721 1230 818; x_wconf 78' lang='lat'><strong>352,</strong></span> 
     </span>
     <span class='ocr_line' id='line_1_6' title="bbox 155 839 1229 941; baseline -0.002 -27"><span class='ocrx_word' id='word_1_31' title='bbox 155 839 263 939; x_wconf 73' lang='lat' dir='ltr'><strong>quiam</strong></span> <span class='ocrx_word' id='word_1_32' title='bbox 289 845 402 915; x_wconf 84' lang='lat' dir='ltr'>Asiam</span> <span class='ocrx_word' id='word_1_33' title='bbox 431 860 637 939; x_wconf 81' lang='lat' dir='ltr'><strong>peragraret,</strong></span> <span class='ocrx_word' id='word_1_34' title='bbox 660 845 846 914; x_wconf 73' lang='lat' dir='ltr'><strong>Antiochiae</strong></span> <span class='ocrx_word' id='word_1_35' title='bbox 881 857 1044 941; x_wconf 80' lang='lat' dir='ltr'><strong>moratus,</strong></span> <span class='ocrx_word' id='word_1_36' title='bbox 1074 843 1118 912; x_wconf 92' lang='lat' dir='ltr'><strong>ibi</strong></span> <span class='ocrx_word' id='word_1_37' title='bbox 1153 869 1229 913; x_wconf 90' lang='lat' dir='ltr'><strong>cum</strong></span> 
     </span>
     <span class='ocr_line' id='line_1_7' title="bbox 155 955 1230 1049; baseline -0.001 -22"><span class='ocrx_word' id='word_1_38' title='bbox 155 956 305 1028; x_wconf 86' lang='lat' dir='ltr'><strong>Maximo</strong></span> <span class='ocrx_word' id='word_1_39' title='bbox 322 955 510 1028; x_wconf 73' lang='lat' dir='ltr'><strong>diutissime</strong></span> <span class='ocrx_word' id='word_1_40' title='bbox 529 974 746 1028; x_wconf 82' lang='lat' dir='ltr'><strong>conversatus</strong></span> <span class='ocrx_word' id='word_1_41' title='bbox 765 974 835 1049; x_wconf 90' lang='lat' dir='ltr'><strong>est,</strong></span> <span class='ocrx_word' id='word_1_42' title='bbox 853 974 886 1028; x_wconf 91' lang='lat' dir='ltr'><strong>et</strong></span> <span class='ocrx_word' id='word_1_43' title='bbox 905 958 931 1028; x_wconf 91' lang='lat' dir='ltr'><strong>si</strong></span> <span class='ocrx_word' id='word_1_44' title='bbox 952 960 1131 1028; x_wconf 83' lang='lat' dir='ltr'><strong>recentiori</strong></span> <span class='ocrx_word' id='word_1_45' title='bbox 1152 960 1230 1028; x_wconf 90' lang='lat' dir='ltr'><strong>scri·</strong></span> 
     </span>
     <span class='ocr_line' id='line_1_8' title="bbox 156 1058 1228 1168; baseline 0 -27"><span class='ocrx_word' id='word_1_46' title='bbox 156 1073 246 1167; x_wconf 89' lang='lat' dir='ltr'><strong>ptori</strong></span> <span class='ocrx_word' id='word_1_47' title='bbox 276 1071 464 1159; x_wconf 85' lang='lat' dir='ltr'><strong>credamus,</strong></span> <span class='ocrx_word' id='word_1_48' title='bbox 494 1062 623 1168; x_wconf 83' lang='lat' dir='ltr'><strong>juravit</strong></span> <span class='ocrx_word' id='word_1_49' title='bbox 642 1058 677 1142; x_wconf 86' lang='lat' dir='ltr'><strong>se</strong></span> <span class='ocrx_word' id='word_1_50' title='bbox 694 1087 846 1142; x_wconf 87' lang='lat' dir='ltr'><strong>veterum</strong></span> <span class='ocrx_word' id='word_1_51' title='bbox 873 1097 965 1142; x_wconf 89' lang='lat' dir='ltr'><strong>sacra</strong></span> <span class='ocrx_word' id='word_1_52' title='bbox 990 1072 1168 1166; x_wconf 87' lang='lat' dir='ltr'><strong>pristinum</strong></span> <span class='ocrx_word' id='word_1_53' title='bbox 1196 1070 1228 1141; x_wconf 90' lang='lat' dir='ltr'><strong>in</strong></span> 
     </span>
     <span class='ocr_line' id='line_1_9' title="bbox 157 1184 710 1284; baseline 0 -28"><span class='ocrx_word' id='word_1_54' title='bbox 157 1200 280 1257; x_wconf 87' lang='lat' dir='ltr'><strong>statum</strong></span> <span class='ocrx_word' id='word_1_55' title='bbox 303 1184 541 1257; x_wconf 83' lang='lat' dir='ltr'><strong>restituturum</strong></span> <span class='ocrx_word' id='word_1_56' title='bbox 555 1187 657 1284; x_wconf 81' lang='lat' dir='ltr'><strong>esse(</strong></span> <span class='ocrx_word' id='word_1_57' title='bbox 684 1187 710 1283; x_wconf 87' lang='lat'>)</span> 
     </span>
    </p>

    <p class='ocr_par' dir='ltr' id='par_1_3' title="bbox 143 1294 1241 3601">
     <span class='ocr_line' id='line_1_10' title="bbox 206 1294 1231 1397; baseline -0.003 -26"><span class='ocrx_word' id='word_1_58' title='bbox 206 1294 365 1391; x_wconf 86' lang='lat' dir='ltr'><strong>Quonam</strong></span> <span class='ocrx_word' id='word_1_59' title='bbox 384 1296 485 1370; x_wconf 91' lang='lat' dir='ltr'><strong>modo</strong></span> <span class='ocrx_word' id='word_1_60' title='bbox 500 1320 595 1372; x_wconf 89' lang='lat' dir='ltr'><strong>suam</strong></span> <span class='ocrx_word' id='word_1_61' title='bbox 617 1302 807 1372; x_wconf 87' lang='lat' dir='ltr'><strong>doctrinam</strong></span> <span class='ocrx_word' id='word_1_62' title='bbox 824 1301 1058 1397; x_wconf 85' lang='lat' dir='ltr'><strong>Neoplatonici</strong></span> <span class='ocrx_word' id='word_1_63' title='bbox 1078 1320 1156 1370; x_wconf 86' lang='lat' dir='ltr'><strong>cum</strong></span> <span class='ocrx_word' id='word_1_64' title='bbox 1170 1327 1231 1369; x_wconf 81' lang='lat' dir='ltr'><strong>ve-</strong></span> 
     </span>
     <span class='ocr_line' id='line_1_11' title="bbox 156 1412 1231 1510; baseline -0.001 -26"><span class='ocrx_word' id='word_1_65' title='bbox 156 1414 255 1486; x_wconf 89' lang='lat' dir='ltr'><strong>tustis</strong></span> <span class='ocrx_word' id='word_1_66' title='bbox 285 1412 512 1510; x_wconf 86' lang='lat' dir='ltr'><strong>obsoletisque</strong></span> <span class='ocrx_word' id='word_1_67' title='bbox 546 1416 646 1486; x_wconf 91' lang='lat' dir='ltr'><strong>sacris</strong></span> <span class='ocrx_word' id='word_1_68' title='bbox 682 1414 914 1504; x_wconf 85' lang='lat' dir='ltr'><strong>conciliarent,</strong></span> <span class='ocrx_word' id='word_1_69' title='bbox 955 1415 1045 1486; x_wconf 75' lang='lat' dir='ltr'><strong>unde</strong></span> <span class='ocrx_word' id='word_1_70' title='bbox 1074 1414 1231 1486; x_wconf 76' lang='lat' dir='ltr'><strong>adversos</strong></span> 
     </span>
     <span class='ocr_line' id='line_1_12' title="bbox 153 1522 1231 1602; baseline -0.001 -1"><span class='ocrx_word' id='word_1_71' title='bbox 153 1522 388 1602; x_wconf 75' lang='lat' dir='ltr'><strong>&#39;Christianum</strong></span> <span class='ocrx_word' id='word_1_72' title='bbox 413 1545 539 1600; x_wconf 86' lang='lat' dir='ltr'><strong>coetum</strong></span> <span class='ocrx_word' id='word_1_73' title='bbox 563 1530 872 1601; x_wconf 86' lang='lat' dir='ltr'><strong>intestinum-illud</strong></span> <span class='ocrx_word' id='word_1_74' title='bbox 894 1529 1021 1601; x_wconf 88' lang='lat' dir='ltr'><strong>bellum</strong></span> <span class='ocrx_word' id='word_1_75' title='bbox 1042 1554 1231 1601; x_wconf 88' lang='lat' dir='ltr'><strong>commove·</strong></span> 
     </span>
     <span class='ocr_line' id='line_1_13' title="bbox 158 1644 1231 1742; baseline 0.001 -27"><span class='ocrx_word' id='word_1_76' title='bbox 158 1649 240 1735; x_wconf 87' lang='lat' dir='ltr'><strong>rint,</strong></span> <span class='ocrx_word' id='word_1_77' title='bbox 260 1667 433 1741; x_wconf 83' lang='lat' dir='ltr'><strong>exponere</strong></span> <span class='ocrx_word' id='word_1_78' title='bbox 447 1646 489 1715; x_wconf 88' lang='lat' dir='ltr'><strong>ad</strong></span> <span class='ocrx_word' id='word_1_79' title='bbox 511 1661 665 1716; x_wconf 87' lang='lat' dir='ltr'><strong>nostram</strong></span> <span class='ocrx_word' id='word_1_80' title='bbox 683 1671 751 1715; x_wconf 92' lang='lat' dir='ltr'><strong>rem</strong></span> <span class='ocrx_word' id='word_1_81' title='bbox 769 1644 889 1742; x_wconf 79' lang='lat' dir='ltr'><strong>&#39;parirm</strong></span> <span class='ocrx_word' id='word_1_82' title='bbox 907 1646 1068 1741; x_wconf 85' lang='lat' dir='ltr'><strong>pertinet.</strong></span> <span class='ocrx_word' id='word_1_83' title='bbox 1086 1648 1231 1716; x_wconf 87' lang='lat' dir='ltr'><strong>Monen-</strong></span> 
     </span>
     <span class='ocr_line' id='line_1_14' title="bbox 157 1758 1232 1856; baseline 0 -27"><span class='ocrx_word' id='word_1_84' title='bbox 157 1759 238 1830; x_wconf 91' lang='lat' dir='ltr'><strong>dum</strong></span> <span class='ocrx_word' id='word_1_85' title='bbox 264 1758 344 1829; x_wconf 77' lang='lat' dir='ltr'><strong>vero</strong></span> <span class='ocrx_word' id='word_1_86' title='bbox 371 1759 471 1829; x_wconf 89' lang='lat' dir='ltr'><strong>nobis</strong></span> <span class='ocrx_word' id='word_1_87' title='bbox 498 1775 548 1830; x_wconf 90' lang='lat' dir='ltr'><strong>est</strong></span> <span class='ocrx_word' id='word_1_88' title='bbox 573 1762 662 1829; x_wconf 88' lang='lat' dir='ltr'><strong>inter</strong></span> <span class='ocrx_word' id='word_1_89' title='bbox 685 1761 853 1856; x_wconf 85' lang='lat' dir='ltr'><strong>sophistas</strong></span> <span class='ocrx_word' id='word_1_90' title='bbox 879 1772 912 1830; x_wconf 91' lang='lat' dir='ltr'><strong>et</strong></span> <span class='ocrx_word' id='word_1_91' title='bbox 939 1758 1161 1854; x_wconf 87' lang='lat' dir='ltr'><strong>philosophos</strong></span> <span class='ocrx_word' id='word_1_92' title='bbox 1190 1760 1232 1828; x_wconf 90' lang='lat' dir='ltr'><strong>de</strong></span> 
     </span>
     <span class='ocr_line' id='line_1_15' title="bbox 157 1872 1232 1969; baseline 0.001 -26"><span class='ocrx_word' id='word_1_93' title='bbox 157 1877 287 1944; x_wconf 70' lang='lat' dir='ltr'><strong>summa</strong></span> <span class='ocrx_word' id='word_1_94' title='bbox 307 1872 409 1969; x_wconf 88' lang='lat' dir='ltr'><strong>hujus</strong></span> <span class='ocrx_word' id='word_1_95' title='bbox 424 1872 509 1945; x_wconf 71' lang='lat' dir='ltr'><strong>&#39;belli</strong></span> <span class='ocrx_word' id='word_1_96' title='bbox 535 1876 609 1944; x_wconf 74' lang='lat' dir='ltr'><strong>ortd</strong></span> <span class='ocrx_word' id='word_1_97' title='bbox 628 1875 809 1961; x_wconf 73' lang='lat' dir='ltr'><strong>discordia,</strong></span> <span class='ocrx_word' id='word_1_98' title='bbox 830 1876 914 1945; x_wconf 92' lang='lat' dir='ltr'><strong>duas</strong></span> <span class='ocrx_word' id='word_1_99' title='bbox 933 1876 1045 1947; x_wconf 87' lang='lat' dir='ltr'><strong>statim</strong></span> <span class='ocrx_word' id='word_1_100' title='bbox 1070 1875 1232 1946; x_wconf 87' lang='lat' dir='ltr'><strong>factiones</strong></span> 
     </span>
     <span class='ocr_line' id='line_1_16' title="bbox 157 1984 1231 2084; baseline -0.001 -25"><span class='ocrx_word' id='word_1_101' title='bbox 157 1990 336 2078; x_wconf 85' lang='lat' dir='ltr'><strong>exstitisse,</strong></span> <span class='ocrx_word' id='word_1_102' title='bbox 358 1984 503 2084; x_wconf 88' lang='lat' dir='ltr'><strong>quarum</strong></span> <span class='ocrx_word' id='word_1_103' title='bbox 518 2015 600 2079; x_wconf 92' lang='lat' dir='ltr'><strong>una,</strong></span> <span class='ocrx_word' id='word_1_104' title='bbox 622 1992 773 2061; x_wconf 83' lang='lat' dir='ltr'><strong>Maximo</strong></span> <span class='ocrx_word' id='word_1_105' title='bbox 791 2005 828 2062; x_wconf 90' lang='lat' dir='ltr'><strong>et</strong></span> <span class='ocrx_word' id='word_1_106' title='bbox 843 1993 957 2062; x_wconf 90' lang='lat' dir='ltr'><strong>Prisco</strong></span> <span class='ocrx_word' id='word_1_107' title='bbox 976 1991 1132 2078; x_wconf 90' lang='lat' dir='ltr'><strong>ducibus,</strong></span> <span class='ocrx_word' id='word_1_108' title='bbox 1155 2014 1231 2060; x_wconf 89' lang='lat' dir='ltr'><strong>cum</strong></span> 
     </span>
     <span class='ocr_line' id='line_1_17' title="bbox 156 2101 1233 2199; baseline -0.002 -25"><span class='ocrx_word' id='word_1_109' title='bbox 156 2101 290 2174; x_wconf 83' lang='lat' dir='ltr'><strong>Juiiano</strong></span> <span class='ocrx_word' id='word_1_110' title='bbox 313 2103 422 2173; x_wconf 80' lang='lat' dir='ltr'><strong>foedus</strong></span> <span class='ocrx_word' id='word_1_111' title='bbox 439 2103 564 2191; x_wconf 90' lang='lat' dir='ltr'><strong>inierit,</strong></span> <span class='ocrx_word' id='word_1_112' title='bbox 583 2103 695 2173; x_wconf 85' lang='lat' dir='ltr'><strong>aulam</strong></span> <span class='ocrx_word' id='word_1_113' title='bbox 718 2103 852 2174; x_wconf 73' lang='lat' dir='ltr'><strong>assidue</strong></span> <span class='ocrx_word' id='word_1_114' title='bbox 878 2101 1041 2188; x_wconf 61' lang='lat' dir='ltr'><strong>coluerit,</strong></span> <span class='ocrx_word' id='word_1_115' title='bbox 1059 2105 1180 2199; x_wconf 88' lang='lat' dir='ltr'><strong>opibus</strong></span> <span class='ocrx_word' id='word_1_116' title='bbox 1199 2119 1233 2172; x_wconf 89' lang='lat' dir='ltr'><strong>et</strong></span> 
     </span>
     <span class='ocr_line' id='line_1_18' title="bbox 158 2206 1231 2316; baseline -0.002 -28"><span class='ocrx_word' id='word_1_117' title='bbox 158 2219 265 2316; x_wconf 72' lang='lat' dir='ltr'><strong>gratia</strong></span> <span class='ocrx_word' id='word_1_118' title='bbox 284 2216 451 2310; x_wconf 87' lang='lat' dir='ltr'><strong>floruerit,</strong></span> <span class='ocrx_word' id='word_1_119' title='bbox 477 2206 581 2288; x_wconf 81' lang='lat' dir='ltr'><strong>altera</strong></span> <span class='ocrx_word' id='word_1_120' title='bbox 601 2219 645 2287; x_wconf 91' lang='lat' dir='ltr'><strong>ab</strong></span> <span class='ocrx_word' id='word_1_121' title='bbox 671 2220 874 2313; x_wconf 86' lang='lat' dir='ltr'><strong>imperatore</strong></span> <span class='ocrx_word' id='word_1_122' title='bbox 888 2218 1087 2305; x_wconf 74' lang='lat' dir='ltr'><strong>discesserit,</strong></span> <span class='ocrx_word' id='word_1_123' title='bbox 1100 2218 1231 2288; x_wconf 86' lang='lat' dir='ltr'><strong>oblata·</strong></span> 
     </span>
     <span class='ocr_line' id='line_1_19' title="bbox 156 2327 1229 2430; baseline -0.002 -26"><span class='ocrx_word' id='word_1_124' title='bbox 156 2356 223 2430; x_wconf 90' lang='lat' dir='ltr'><strong>que</strong></span> <span class='ocrx_word' id='word_1_125' title='bbox 243 2354 384 2404; x_wconf 87' lang='lat' dir='ltr'><strong>munera</strong></span> <span class='ocrx_word' id='word_1_126' title='bbox 398 2327 582 2403; x_wconf 83' lang='lat' dir='ltr'><strong>deliberato</strong></span> <span class='ocrx_word' id='word_1_127' title='bbox 596 2335 737 2405; x_wconf 86' lang='lat' dir='ltr'><strong>consilio</strong></span> <span class='ocrx_word' id='word_1_128' title='bbox 750 2332 988 2430; x_wconf 86' lang='lat' dir='ltr'><strong>repudiaverit.</strong></span> <span class='ocrx_word' id='word_1_129' title='bbox 1006 2337 1106 2420; x_wconf 82' lang='lat' dir='ltr'><strong>Nam,</strong></span> <span class='ocrx_word' id='word_1_130' title='bbox 1124 2333 1229 2428; x_wconf 80' lang='lat' dir='ltr'><strong>quinn</strong></span> 
     </span>
     <span class='ocr_line' id='line_1_20' title="bbox 159 2447 1232 2544; baseline -0.001 -26"><span class='ocrx_word' id='word_1_131' title='bbox 159 2449 337 2520; x_wconf 78' lang='lat' dir='ltr'><strong>rhetorum</strong></span> <span class='ocrx_word' id='word_1_132' title='bbox 365 2463 402 2518; x_wconf 83' lang='lat' dir='ltr'><strong>et</strong></span> <span class='ocrx_word' id='word_1_133' title='bbox 428 2448 710 2544; x_wconf 84' lang='lat' dir='ltr'><strong>philosophorum</strong></span> <span class='ocrx_word' id='word_1_134' title='bbox 731 2447 937 2518; x_wconf 86' lang='lat' dir='ltr'><strong>clarissimus</strong></span> <span class='ocrx_word' id='word_1_135' title='bbox 965 2453 1107 2544; x_wconf 87' lang='lat' dir='ltr'><strong>quisque</strong></span> <span class='ocrx_word' id='word_1_136' title='bbox 1136 2448 1232 2518; x_wconf 89' lang='lat' dir='ltr'><strong>Con-</strong></span> 
     </span>
     <span class='ocr_line' id='line_1_21' title="bbox 158 2563 1232 2660; baseline -0.001 -26"><span class='ocrx_word' id='word_1_137' title='bbox 158 2563 1232 2660; x_wconf 72' lang='lat' dir='ltr'><strong>stantiuopoiimacciretur,dtheuisProaeresius,Chrysanthius</strong></span> 
     </span>
     <span class='ocr_line' id='line_1_22' title="bbox 158 2678 1230 2766; baseline -0.004 -16"><span class='ocrx_word' id='word_1_138' title='bbox 158 2680 321 2751; x_wconf 81' lang='lat' dir='ltr'><strong>Sardibus</strong></span> <span class='ocrx_word' id='word_1_139' title='bbox 345 2699 418 2748; x_wconf 78' lang='lat' dir='ltr'><strong>sese</strong></span> <span class='ocrx_word' id='word_1_140' title='bbox 437 2679 624 2766; x_wconf 82' lang='lat' dir='ltr'><strong>coutinuit3</strong></span> <span class='ocrx_word' id='word_1_141' title='bbox 650 2680 820 2748; x_wconf 86' lang='lat' dir='ltr'><strong>Himerius</strong></span> <span class='ocrx_word' id='word_1_142' title='bbox 837 2693 957 2748; x_wconf 80' lang='lat' dir='ltr'><strong>contra</strong></span> <span class='ocrx_word' id='word_1_143' title='bbox 978 2678 1021 2747; x_wconf 86' lang='lat' dir='ltr'><strong>ad</strong></span> <span class='ocrx_word' id='word_1_144' title='bbox 1043 2679 1162 2747; x_wconf 84' lang='lat' dir='ltr'><strong>urbem</strong></span> <span class='ocrx_word' id='word_1_145' title='bbox 1176 2700 1230 2747; x_wconf 89' lang='lat' dir='ltr'><strong>re·</strong></span> 
     </span>
     <span class='ocr_line' id='line_1_23' title="bbox 157 2772 1241 2891; baseline -0.003 -26"><span class='ocrx_word' id='word_1_146' title='bbox 157 2798 247 2891; x_wconf 74' lang='lat' dir='ltr'><strong>giem</strong></span> <span class='ocrx_word' id='word_1_147' title='bbox 257 2794 370 2865; x_wconf 73' lang='lat' dir='ltr'><strong>rtatim</strong></span> <span class='ocrx_word' id='word_1_148' title='bbox 378 2790 562 2878; x_wconf 83' lang='lat' dir='ltr'><strong>advolavit,</strong></span> <span class='ocrx_word' id='word_1_149' title='bbox 575 2793 921 2887; x_wconf 82' lang='lat' dir='ltr'><strong>atqueimpemtorem</strong></span> <span class='ocrx_word' id='word_1_150' title='bbox 932 2789 1057 2862; x_wconf 76' lang='lat' dir='ltr'><strong>bellurn</strong></span> <span class='ocrx_word' id='word_1_151' title='bbox 1070 2772 1241 2862; x_wconf 51' lang='lat' dir='ltr'><strong>adversita·</strong></span> 
     </span>
     <span class='ocr_line' id='line_1_24' title="bbox 143 2906 1232 2980; baseline 0.001 -4"><span class='ocrx_word' id='word_1_152' title='bbox 143 2913 272 2980; x_wconf 73' lang='lat' dir='ltr'><strong>,Persas</strong></span> <span class='ocrx_word' id='word_1_153' title='bbox 293 2922 486 2978; x_wconf 74' lang='lat' dir='ltr'><strong>inurentem</strong></span> <span class='ocrx_word' id='word_1_154' title='bbox 500 2908 681 2977; x_wconf 79' lang='lat' dir='ltr'><strong>comitatus</strong></span> <span class='ocrx_word' id='word_1_155' title='bbox 699 2921 761 2977; x_wconf 81' lang='lat' dir='ltr'><strong>est.</strong></span> <span class='ocrx_word' id='word_1_156' title='bbox 783 2906 989 2979; x_wconf 78' lang='lat' dir='ltr'><strong>Themistius</strong></span> <span class='ocrx_word' id='word_1_157' title='bbox 1006 2922 1119 2976; x_wconf 79' lang='lat' dir='ltr'><strong>autent</strong></span> <span class='ocrx_word' id='word_1_158' title='bbox 1137 2910 1156 2979; x_wconf 70' lang='lat' dir='ltr'><strong>*a</strong></span> <span class='ocrx_word' id='word_1_159' title='bbox 1171 2910 1232 2977; x_wconf 87' lang='lat' dir='ltr'><strong>Ju-</strong></span> 
     </span>
     <span class='ocr_line' id='line_1_25' title="bbox 158 3019 1232 3120; baseline -0.002 -26"><span class='ocrx_word' id='word_1_160' title='bbox 158 3023 249 3094; x_wconf 87' lang='lat' dir='ltr'><strong>liano</strong></span> <span class='ocrx_word' id='word_1_161' title='bbox 263 3023 439 3118; x_wconf 71' lang='lat' dir='ltr'><strong>profectus</strong></span> <span class='ocrx_word' id='word_1_162' title='bbox 449 3019 750 3120; x_wconf 49' lang='lat' dir='ltr'><strong>&gt;Constantimpuli</strong></span> <span class='ocrx_word' id='word_1_163' title='bbox 760 3022 971 3118; x_wconf 78' lang='lat' dir='ltr'><strong>designatus,</strong></span> <span class='ocrx_word' id='word_1_164' title='bbox 983 3024 1143 3098; x_wconf 76' lang='lat' dir='ltr'><strong>eximium</strong></span> <span class='ocrx_word' id='word_1_165' title='bbox 1158 3048 1232 3093; x_wconf 91' lang='lat' dir='ltr'><strong>mu·</strong></span> 
     </span>
     <span class='ocr_line' id='line_1_26' title="bbox 158 3136 1228 3232; baseline 0 -26"><span class='ocrx_word' id='word_1_166' title='bbox 158 3163 224 3208; x_wconf 89' lang='lat' dir='ltr'><strong>nus</strong></span> <span class='ocrx_word' id='word_1_167' title='bbox 241 3138 375 3226; x_wconf 84' lang='lat' dir='ltr'><strong>abnuit,</strong></span> <span class='ocrx_word' id='word_1_168' title='bbox 393 3161 471 3226; x_wconf 86' lang='lat' dir='ltr'><strong>nec,</strong></span> <span class='ocrx_word' id='word_1_169' title='bbox 493 3136 597 3207; x_wconf 88' lang='lat' dir='ltr'><strong>semel</strong></span> <span class='ocrx_word' id='word_1_170' title='bbox 614 3152 716 3230; x_wconf 88' lang='lat' dir='ltr'><strong>atque</strong></span> <span class='ocrx_word' id='word_1_171' title='bbox 732 3136 855 3206; x_wconf 83' lang='lat' dir='ltr'><strong>iterirm</strong></span> <span class='ocrx_word' id='word_1_172' title='bbox 869 3151 1017 3232; x_wconf 76' lang='lat' dir='ltr'><strong>rogatus,</strong></span> <span class='ocrx_word' id='word_1_173' title='bbox 1037 3137 1078 3207; x_wconf 90' lang='lat' dir='ltr'><strong>de</strong></span> <span class='ocrx_word' id='word_1_174' title='bbox 1093 3152 1228 3206; x_wconf 84' lang='lat' dir='ltr'><strong>senteu-</strong></span> 
     </span>
     <span class='ocr_line' id='line_1_27' title="bbox 159 3238 1230 3356; baseline 0.001 -30"><span class='ocrx_word' id='word_1_175' title='bbox 159 3260 205 3326; x_wconf 76' lang='lat' dir='ltr'><strong>tid</strong></span> <span class='ocrx_word' id='word_1_176' title='bbox 224 3275 336 3328; x_wconf 91' lang='lat' dir='ltr'><strong>motus</strong></span> <span class='ocrx_word' id='word_1_177' title='bbox 355 3274 428 3326; x_wconf 87' lang='lat' dir='ltr'><strong>est:</strong></span> <span class='ocrx_word' id='word_1_178' title='bbox 451 3238 662 3354; x_wconf 72' lang='grc' dir='ltr'>Παρακλῆσοις</span> <span class='ocrx_word' id='word_1_179' title='bbox 690 3254 725 3329; x_wconf 79' lang='lat' dir='ltr'><strong>di</strong></span> <span class='ocrx_word' id='word_1_180' title='bbox 753 3263 803 3331; x_wconf 80' lang='grc' dir='ltr'><strong>ἐπὶ</strong></span> <span class='ocrx_word' id='word_1_181' title='bbox 830 3262 1004 3356; x_wconf 66' lang='grc' dir='ltr'>τὴτόἱρχήν</span> <span class='ocrx_word' id='word_1_182' title='bbox 1028 3264 1144 3336; x_wconf 81' lang='grc' dir='ltr'>ταύτην</span> <span class='ocrx_word' id='word_1_183' title='bbox 1172 3265 1230 3353; x_wconf 83' lang='grc' dir='ltr'><strong>οὐχ</strong></span> 
     </span>
     <span class='ocr_line' id='line_1_28' title="bbox 158 3375 1228 3477; baseline 0 -27"><span class='ocrx_word' id='word_1_184' title='bbox 158 3378 242 3462; x_wconf 74' lang='grc' dir='ltr'>ἅπαξ</span> <span class='ocrx_word' id='word_1_185' title='bbox 263 3375 335 3452; x_wconf 75' lang='grc' dir='ltr'>οὐδὲ</span> <span class='ocrx_word' id='word_1_186' title='bbox 350 3375 419 3470; x_wconf 76' lang='grc' dir='ltr'>δὶς,</span> <span class='ocrx_word' id='word_1_187' title='bbox 442 3382 522 3452; x_wconf 80' lang='grc' dir='ltr'>ἀλλὰ</span> <span class='ocrx_word' id='word_1_188' title='bbox 541 3383 708 3468; x_wconf 77' lang='grc' dir='ltr'>πολλάκις,</span> <span class='ocrx_word' id='word_1_189' title='bbox 727 3383 778 3451; x_wconf 85' lang='grc' dir='ltr'><strong>καὶ</strong></span> <span class='ocrx_word' id='word_1_190' title='bbox 796 3384 948 3477; x_wconf 72' lang='grc' dir='ltr'>προςτίθοι</span> <span class='ocrx_word' id='word_1_191' title='bbox 973 3386 1096 3462; x_wconf 71' lang='grc' dir='ltr'>τούτοις</span> <span class='ocrx_word' id='word_1_192' title='bbox 1114 3383 1228 3451; x_wconf 80' lang='grc' dir='ltr'>ἅπασιν</span> 
     </span>
     <span class='ocr_line' id='line_1_29' title="bbox 159 3502 1227 3601; baseline 0.001 -28"><span class='ocrx_word' id='word_1_193' title='bbox 159 3510 241 3588; x_wconf 79' lang='grc' dir='ltr'>ὅπως</span> <span class='ocrx_word' id='word_1_194' title='bbox 259 3506 312 3574; x_wconf 84' lang='grc' dir='ltr'><strong>καὶ</strong></span> <span class='ocrx_word' id='word_1_195' title='bbox 326 3508 441 3577; x_wconf 78' lang='grc' dir='ltr'>ὁπότε·</span> <span class='ocrx_word' id='word_1_196' title='bbox 459 3511 512 3576; x_wconf 78' lang='grc' dir='ltr'><strong>,ὅτι</strong></span> <span class='ocrx_word' id='word_1_197' title='bbox 523 3511 602 3601; x_wconf 70' lang='grc' dir='ltr'><strong>μήτε</strong></span> <span class='ocrx_word' id='word_1_198' title='bbox 614 3511 892 3600; x_wconf 71' lang='grc' dir='ltr'>ἑπιλιτοιρῆσοιντος</span> <span class='ocrx_word' id='word_1_199' title='bbox 907 3513 986 3589; x_wconf 74' lang='grc' dir='ltr'>μήτε</span> <span class='ocrx_word' id='word_1_200' title='bbox 1004 3511 1051 3574; x_wconf 74' lang='grc' dir='ltr'><strong>ἐτ’</strong></span> <span class='ocrx_word' id='word_1_201' title='bbox 1072 3502 1159 3594; x_wconf 71' lang='grc' dir='ltr'><strong>ἄλλῳ</strong></span> <span class='ocrx_word' id='word_1_202' title='bbox 1170 3534 1227 3594; x_wconf 80' lang='grc' dir='ltr'><strong>τῳ,</strong></span> 
     </span>
    </p>
   </div>
   <div class='ocr_carea' id='block_1_3' title="bbox 158 3684 1228 3867">
    <p class='ocr_par' dir='ltr' id='par_1_4' title="bbox 158 3684 1228 3867">
     <span class='ocr_line' id='line_1_30' title="bbox 199 3684 1228 3768; baseline -0.001 -23"><span class='ocrx_word' id='word_1_203' title='bbox 199 3684 235 3768; x_wconf 73' lang='lat'><strong>(1)</strong></span> <span class='ocrx_word' id='word_1_204' title='bbox 259 3685 371 3768; x_wconf 77' lang='lat' dir='ltr'><strong>Eunap.</strong></span> <span class='ocrx_word' id='word_1_205' title='bbox 387 3689 417 3747; x_wconf 88' lang='lat' dir='ltr'><strong>iu</strong></span> <span class='ocrx_word' id='word_1_206' title='bbox 434 3689 495 3747; x_wconf 86' lang='lat' dir='ltr'><strong>Vita</strong></span> <span class='ocrx_word' id='word_1_207' title='bbox 512 3688 684 3748; x_wconf 83' lang='lat' dir='ltr'><strong>Maximi-</strong></span> <span class='ocrx_word' id='word_1_208' title='bbox 699 3689 743 3749; x_wconf 83' lang='lat' dir='ltr'><strong>Cf.</strong></span> <span class='ocrx_word' id='word_1_209' title='bbox 759 3689 921 3767; x_wconf 70' lang='lat' dir='ltr'><strong>Verberet,</strong></span> <span class='ocrx_word' id='word_1_210' title='bbox 934 3691 1055 3746; x_wconf 68' lang='lat' dir='ltr'><strong>HtstoIre</strong></span> <span class='ocrx_word' id='word_1_211' title='bbox 1065 3691 1181 3766; x_wconf 81' lang='lat' dir='ltr'><strong>critique</strong></span> <span class='ocrx_word' id='word_1_212' title='bbox 1192 3692 1228 3744; x_wconf 82' lang='lat' dir='ltr'><strong>de</strong></span> 
     </span>
     <span class='ocr_line' id='line_1_31' title="bbox 158 3778 689 3867; baseline 0.006 -26"><span class='ocrx_word' id='word_1_213' title='bbox 158 3778 265 3843; x_wconf 74' lang='lat' dir='ltr'><strong>t’Ecote</strong></span> <span class='ocrx_word' id='word_1_214' title='bbox 282 3789 504 3859; x_wconf 80' lang='lat' dir='ltr'><strong>d’Alexandrr&#39;e‚</strong></span> <span class='ocrx_word' id='word_1_215' title='bbox 521 3788 558 3863; x_wconf 88' lang='grc' dir='ltr'><strong>ΙΙ,</strong></span> <span class='ocrx_word' id='word_1_216' title='bbox 581 3791 689 3867; x_wconf 88' lang='lat' dir='ltr'><strong>p.160.</strong></span> 
     </span>
    </p>
   </div>
   <div class='ocr_carea' id='block_1_4' title="bbox 106 3878 1227 4060">
    <p class='ocr_par' dir='ltr' id='par_1_5' title="bbox 106 3878 1227 4060">
     <span class='ocr_line' id='line_1_32' title="bbox 202 3878 1227 3962; baseline 0.001 -24"><span class='ocrx_word' id='word_1_217' title='bbox 202 3878 243 3960; x_wconf 81' lang='lat' dir='ltr'><strong>(a)</strong></span> <span class='ocrx_word' id='word_1_218' title='bbox 266 3882 406 3961; x_wconf 76' lang='lat' dir='ltr'><strong>Beugnot,</strong></span> <span class='ocrx_word' id='word_1_219' title='bbox 429 3889 568 3945; x_wconf 76' lang='lat' dir='ltr'><strong>Destruet.</strong></span> <span class='ocrx_word' id='word_1_220' title='bbox 583 3889 621 3942; x_wconf 83' lang='lat' dir='ltr'><strong>dn</strong></span> <span class='ocrx_word' id='word_1_221' title='bbox 633 3891 802 3962; x_wconf 71' lang='lat' dir='ltr'><strong>paganismo</strong></span> <span class='ocrx_word' id='word_1_222' title='bbox 818 3906 851 3941; x_wconf 84' lang='lat' dir='ltr'><strong>en</strong></span> <span class='ocrx_word' id='word_1_223' title='bbox 873 3887 1015 3957; x_wconf 74' lang='lat' dir='ltr'><strong>occident,</strong></span> <span class='ocrx_word' id='word_1_224' title='bbox 1033 3885 1052 3956; x_wconf 91' lang='grc' dir='ltr'><strong>Ι,</strong></span> <span class='ocrx_word' id='word_1_225' title='bbox 1068 3904 1097 3961; x_wconf 83' lang='lat' dir='ltr'><strong>p.</strong></span> <span class='ocrx_word' id='word_1_226' title='bbox 1116 3903 1227 3958; x_wconf 80' lang='lat'><strong>¹79·-</strong></span> 
     </span>
     <span class='ocr_line' id='line_1_33' title="bbox 106 3971 1114 4060; baseline -0.002 -19"><span class='ocrx_word' id='word_1_227' title='bbox 106 4036 111 4041; x_wconf 91' lang='lat'>.</span> <span class='ocrx_word' id='word_1_228' title='bbox 160 3974 264 4060; x_wconf 75' lang='lat' dir='ltr'><strong>Liban.</strong></span> <span class='ocrx_word' id='word_1_229' title='bbox 277 3976 356 4039; x_wconf 84' lang='lat' dir='ltr'><strong>Orat.</strong></span> <span class='ocrx_word' id='word_1_230' title='bbox 371 3981 419 4049; x_wconf 82' lang='grc' dir='ltr'>ΙΙΙ,</span> <span class='ocrx_word' id='word_1_231' title='bbox 434 4001 461 4057; x_wconf 84' lang='lat' dir='ltr'><strong>p.</strong></span> <span class='ocrx_word' id='word_1_232' title='bbox 481 3983 544 4052; x_wconf 84' lang='lat'><strong>175.</strong></span> <span class='ocrx_word' id='word_1_233' title='bbox 1111 3971 1114 3974; x_wconf 15' lang='grc' dir='ltr'><em>Α</em></span> 
     </span>
    </p>
   </div>
   <div class='ocr_carea' id='block_1_5' title="bbox 0 0 1384 4688">
    <p class='ocr_par' dir='ltr' id='par_1_6' title="bbox 0 0 1384 4688">
     <span class='ocr_line' id='line_1_34' title="bbox 0 0 1384 4688; baseline 0 0"><span class='ocrx_word' id='word_1_234' title='bbox 0 0 1384 4688; x_wconf 95' lang='lat' dir='ltr'><strong> </strong></span> 
     </span>
    </p>
   </div>
  </div>
 </body>
</html>
