2752 4688
644 312 688 326 ...
718 288 754 350 15
779 315 821 331 ,ε

198 428 452 523 ὑπερεχαίρομεν·
474 429 593 520 ἐγένετο
614 420 649 494 δὲ
665 412 718 495 καὶ
742 431 860 495 τούτων
879 435 939 495 τῶν
959 428 1151 523 γραμμάτων
1176 457 1270 525 πρεσ·

200 551 313 647 θυτέρα
340 557 444 646 φήμη,
463 550 515 618 καὶ
534 553 589 618 οὐκ
611 552 786 637 ἠπιστήθη,
803 553 884 643 ταχὺ
903 544 939 618 δὲ
959 555 1121 644 πρσςετέθη
1149 556 1202 621 καὶ
1230 555 1275 623 τὰ

198 677 380 769 γράμματα.
405 672 581 741 Κιθλλισσσν
603 666 638 742 δὲ
665 683 728 742 τῶν
747 678 967 770 πεπραγμένων
986 677 1023 745 τὸ
1041 668 1082 743 δι’
1098 675 1138 744 ὧν
1158 680 1212 769 μὲν
1235 676 1273 752 ἦν

200 805 364 893 μετασχεῖν
379 805 436 875 τῆς
461 801 574 882 βουλῆς
596 801 638 888 μὴ
658 796 827 889 ἀτιμάσαι·
844 795 885 865 τὰ
907 790 942 864 δὲ
962 800 997 867 τὸ
1011 793 1119 893 κέρδος
1139 803 1274 895 ρι’ρσντα

199 928 338 1017 ἐμμελῶς
358 913 539 989 διώσασθαι.
560 925 662 990 Τοῦτο
683 920 741 1016 γὰρ
760 920 796 996 ἦν
814 924 907 990 αὐτόν
926 949 960 990 τε
981 935 1129 1018 τιμῆσαι,
1154 927 1207 994 καὶ
1236 927 1274 994 τὸ

200 1037 327 1126 δικαίως
343 1050 394 1114 ὑπ’
405 1044 517 1114 ἐκείνου
533 1047 715 1137 τετιμῆσθαι
733 1036 869 1124 deitati...
888 1044 995 1138 Epist.
1022 1048 1123 1131 1241.

686 1364 765 1455 §lr-

250 1602 393 1686 Devicto
415 1612 636 1706 Magnentio,
657 1613 931 1709 triumphaturus
954 1616 1174 1685 Constantius
1199 1620 1272 1686 Ro·

202 1757 292 1802 mam
306 1757 341 1801 se
353 1726 509 1816 eontulit,
524 1728 640 1826 ibique
656 1727 742 1799 duos
756 1753 887 1799 menses
907 1732 1054 1824 integros
1071 1730 1175 1824 degit,
1192 1730 1273 1828 pul-

204 1843 395 1916 chritudine
412 1857 531 1937 eaptus
548 1843 652 1926 urhis,
668 1868 773 1938 quam
785 1833 891 1913 to'tam
902 1843 1045 1937 cupidus
1065 1846 1274 1938 peragravit,

203 1964 375 2055 ingentem
400 1981 578 2026 numerum
604 1956 823 2054 templorum,
849 1958 1138 2053 aedificiorumque
1161 1959 1273 2028 omnis

118 2167 123 2173 ι
204 2074 334 2172 generis
343 2069 747 2169 splendoremadmirans.
763 2071 909 2162 «Quum
919 2072 1006 2141 Urbi
1018 2072 1275 2167 propinquaret,

203 2189 338 2260 senatts
355 2186 481 2276 officia,
501 2187 767 2280 reverendasque
785 2188 934 2281 patriciae
948 2176 1060 2281 stirpis
1074 2185 1200 2282 effigies
1214 2213 1273 2256 ore

203 2329 322 2375 sereno
354 2300 596 2396 contemplans,
620 2326 701 2392 non,
716 2317 756 2371 ut
773 2302 895 2372 Cineas
912 2301 968 2370 ille
986 2301 1108 2397 Pyrrhi
1132 2300 1271 2396 legatus,

203 2423 239 2491 in
267 2444 375 2490 unum
409 2432 576 2502 coactam,
602 2416 852 2488 multitudinem
881 2443 1022 2513 regum,
1057 2417 1115 2487 sed
1141 2416 1272 2513 asylum

202 2535 323 2605 mundi
354 2534 458 2602 totius
485 2533 603 2603 adesse
629 2533 850 2603 existimabat.
882 2533 1028 2603 Proinde
1047 2537 1192 2602 Romam
1223 2534 1272 2602 in·
1311 2602 1315 2610 ,

203 2674 348 2748 gressuS,
364 2648 497 2742 imperii
519 2650 751 2742 virtutumque
767 2648 921 2718 omnium
937 2647 1052 2735 larem,
1066 2648 1143 2718 chm
1159 2648 1274 2717 venis-

203 2781 253 2837 set
272 2765 316 2835 ad
339 2766 474 2856 Rostra,
496 2764 805 2861 perspectissimum
824 2766 943 2858 priscae
967 2766 1122 2859 potentiae
1143 2763 1270 2850 forum,

202 2880 401 2974 obstupuit3
425 2903 486 2975 per
514 2903 614 2966 omne
637 2878 736 2969 latus,
770 2875 839 2973 qui)
865 2904 900 2949 se
930 2876 1017 2949 oculi
1039 2877 1272 2965 contulissent,

202 2990 442 3064 miraculorum
469 2991 633 3060 densitate
662 2995 877 3086 praestrictus.
895 2995 987 3062 Jovis
1011 2993 1144 3086 Tarpeii
1174 2992 1272 3085 delu-

203 3110 284 3180 bra:
304 3106 439 3177 lavacra
457 3107 491 3174 in
510 3104 647 3175 modum
664 3109 916 3200 provinciarum
931 3123 1122 3195 exstructa;
1139 3108 1274 3201 amphi-

204 3224 328 3294 theatri
347 3219 468 3291 molem
493 3218 668 3290 solidatam
690 3219 810 3316 lapidis
837 3222 1007 3292 Tiburtini
1030 3246 1213 3316 compage;
1239 3234 1273 3292 et

202 3340 307 3412 Urbis
317 3335 489 3431 templum,
510 3335 688 3430 forumque
708 3339 810 3424 Pacis,
829 3351 863 3406 et
871 3337 1024 3432 Pompeii
1039 3336 1225 3422 theatrum,
1238 3350 1274 3404 et

203 3453 348 3542 Odeum,
359 3466 393 3521 et
403 3450 570 3532 Stadium,
588 3449 720 3545 aliaque
737 3454 823 3521 inter
842 3453 912 3522 haec
926 3452 1048 3522 decora
1063 3452 1157 3519 urhis
1168 3465 1267 3520 aeter-

204 3588 255 3640 nae
274 3597 291 3633 n
307 3565 370 3662 (1).

253 3686 384 3753 Interea
394 3681 759 3774 Constantinopolitani
774 3686 900 3771 Patres,
913 3682 1060 3753 victoriae
1075 3683 1273 3776 imperatori

205 3793 464 3894 gratulationem
481 3810 714 3892 properantes,
734 3797 992 3891 perhonorihoae
1012 3795 1187 3892 legationis
1209 3795 1273 3863 du·

243 3980 287 4059 (ι)
308 3979 403 4040 Amin.
418 3981 506 4041 Maro.
521 3980 596 4056 XVI,
609 4002 636 4041 c.
657 4001 700 4039 ιο.
