2752 4688
593 351 768 413 ..1⁸2-

151 495 245 570 θινοῢ,
265 495 299 559 οὐ
319 493 357 560 τό
379 517 413 584 γε
433 494 510 571 τοὺς·
523 493 626 585 ὀρθοὺς
646 504 820 580 ταπεινοῦν,
835 491 916 561 ἀλλὰ
934 496 986 561 καὶ
1005 497 1075 573 τοὺς
1091 521 1222 565 πεπτω-

150 618 245 694 κότας
266 616 398 710 ἐγείρειν,
409 618 475 704 ἰ’να,
491 617 556 684 καθ’
573 620 642 685 ὅσον
659 621 744 703 αὐτῷ
763 609 906 709 δύναμις,
919 610 1106 709 εὐδαιμόνων
1120 611 1226 687 εὐδαι-

149 743 328 833 μονέστερος
345 739 412 832 ἦ...
437 773 490 785 -
513 730 613 809 Οὐδὲν
629 737 680 809 οὖν
698 741 804 835 ὅρελσς
823 740 911 833 ὀρθὴν
928 743 981 834 μὲν
1001 743 1078 834 ἐχειν
1099 743 1224 835 τιάραν,

149 856 387 958 ἐιεστραμμένον
401 856 436 931 δέ
450 862 539 948 ἦθος,
555 861 607 932 καὶ
617 875 746 957 χρυσοῦν
760 866 813 956 μὲν
825 867 861 932 τὸ
875 875 1044 958 σκῆπτρον,
1062 858 1224 956 μολέέέου

148 978 183 1054 δὲ
200 987 386 1080 ἀτιμοτέραν
407 990 464 1061 την
480 985 592 1079 ψυχὴν,
611 986 663 1054 καὶ
682 990 720 1054 τὸ
737 988 790 1080 μὲν
807 995 898 1078 σῶμα
915 988 1079 1080 ἠμφίεσθαι
1094 994 1224 1068 λεπτοῖς

147 1136 181 1178 τε
206 1111 257 1177 ιιαὶ
282 1106 430 1189 ποικιλόις
457 1111 631 1204 ὑφάσμασι,
656 1109 773 1203 γυμνὴν
804 1103 838 1178 tt
860 1113 971 1204 ἀρετῆς
993 1102 1222 1181 ἐπιδείκνυσθαι

147 1240 204 1310 τὴν
224 1227 373 1321 διάνοιαν,
392 1262 422 1303 κ.
439 1261 468 1304 τ.
481 1242 512 1304 λ.
530 1224 545 1328 (
566 1224 592 1327 ).

198 1349 277 1418 Non
295 1349 387 1441 parvi
403 1349 505 1417 fuisse
517 1349 680 1416 momenti
699 1346 793 1417 illum
811 1373 890 1417 cum
901 1347 1016 1417 aulicis
1033 1351 1219 1442 imperato·

151 1463 195 1531 ris
206 1487 421 1557 congressum
436 1464 587 1556 negabis,
603 1465 642 1547 si,
656 1478 694 1532 ut
707 1488 771 1558 ego
786 1463 930 1533 libenter
943 1463 1088 1549 credam,
1102 1467 1222 1534 Satur·

150 1578 232 1646 nino
251 1576 323 1646 tom
338 1577 485 1672 priminn
505 1581 631 1649 Noster
650 1579 857 1666 innotuerit,
871 1603 971 1672 quem
987 1579 1123 1672 triginta
1142 1593 1219 1672 post

149 1693 263 1777 annis,
281 1694 374 1760 omni
391 1690 528 1763 fortunii
544 1694 701 1787 prospere
715 1692 868 1761 functum
887 1693 955 1787 (ο),
976 1695 1011 1761 in
1033 1692 1144 1762 locum
1158 1695 1219 1763 im-

149 1807 314 1900 peratoris
325 1807 506 1876 Theodosii
516 1808 640 1876 factum
656 1806 840 1892 consulem,
853 1809 1051 1904 panegyrici
1066 1810 1221 1879 oratione

150 1921 299 1991 laudavit
316 1919 428 2017 (383).
444 1926 566 1991 Vetera
575 1923 664 1990 enim
680 1921 781 2014 hujus
792 1923 853 1990 viri
868 1948 946 2018 erga
957 1948 992 1993 se
1006 1923 1116 1992 officia
1130 1949 1221 1993 com·

149 2059 352 2126 memorans,
377 2037 449 2130 ejus
470 2038 518 2105 ait
533 2039 635 2131 operti
652 2035 767 2132 palatii
783 2037 912 2107 aditum
932 2038 994 2107 sibi
1015 2036 1219 2132 patefactum

148 2184 219 2228 esse
235 2186 243 2228 ι
258 2140 329 2236 lito
347 2161 396 2231 ἐπὶ
411 2166 534 2244 τούτοις
550 2163 788 2258 προθυμουμένῳ
802 2165 967 2258 προσάγειν
991 2170 1046 2241 τὴν
1067 2171 1154 2258 χεῖρα
1172 2178 1219 2254 τῷ

146 2285 352 2379 γραμματίῳ,
372 2287 479 2383 ἐπάγει
511 2289 653 2373 βασιλεὺς
684 2291 788 2380 ἑτέραν
814 2296 954 2382 γλυιιεῒαν
985 2289 1138 2383 ἀνάγκην,
1165 2291 1219 2358 τὸν

149 2411 322 2504 στρατηγὸν
336 2412 467 2479 ἀνειπὼν
485 2411 524 2490 εἰς
536 2416 591 2488 τὴν
607 2414 764 2505 ἐπώνυμον
781 2423 838 2480 τοῦ
853 2413 939 2492 ἐτους
956 2415 1066 2506 ἀρχήν·
1084 2412 1219 2501 ᾧπαλαι

147 2533 202 2623 μὲν
220 2534 375 2630 ὑπόχρεως
396 2532 443 2620 ἦν,
462 2536 563 2630 καιρὸν
592 2527 627 2603 δὲ
650 2528 773 2615 ἐζήτουν
793 2530 967 2612 ἐπιτήδειον
984 2548 1039 2615 τῆς
1059 2537 1220 2622 ἐκτίσεως,

148 2661 181 2724 οὐ
200 2655 284 2725 κατὰ
308 2659 398 2751 μόνον
422 2659 457 2726 τὸ
477 2661 577 2726 κοινὸν
602 2658 728 2752 ὄφλημα
752 2670 815 2727 τῶν
835 2659 990 2757 λόγων,Ιὸ
1018 2668 1082 2739 τοῖς
1112 2665 1219 2740 ὅπλοις

146 2782 362 2870 ὀρλισκάνουσι
382 2774 508 2863 δικαίως
525 2779 748 2879 προέεέηκόσιν
774 2788 876 2852 αὐτῶν
898 2785 950 2852 καὶ
969 2777 1220 2878 προασπίζουσιν,

146 2906 215 2972 ἀλλ’
233 2901 269 2977 ἦν
283 2899 343 2996 ἄρα
361 2906 413 2973 καὶ
432 2904 520 2999 τάμὰ
532 2898 598 2973 tto
614 2905 720 2994 πλείω,
739 2908 791 2974 καὶ
810 2914 895 2975 πλεῖν
916 2907 934 2982 ἢ
955 2909 1120 3001 τριάκοντα
1139 2908 1217 2976 ὅλων

147 3031 291 3118 ἐνιαυτῶν
307 3036 402 3123 χρεῶς
421 3019 600 3121 ηὐξημένον.
616 3011 697 3122 Ᾰρτι
711 3054 746 3095 τε
759 3027 818 3124 γὰρ
837 3030 1002 3125 ἀρχόμενον
1021 3033 1160 3122 παριέναι
1176 3037 1216 3107 εἰς

146 3149 188 3216 τὰ
209 3151 349 3236 βασίλεια
367 3144 519 3246 ἐξενάγει,
544 3151 595 3219 ιιαὶ
616 3155 766 3245 γνώριμον
784 3143 846 3227 tte,
873 3155 1068 3248 γεγενημένον
1088 3179 1216 3226 συνεπη-

145 3274 274 3366 νώρθου,
297 3274 349 3342 καὶ
373 3272 414 3341 τέι
443 3280 606 3341 τελευταῖα
623 3285 725 3343 ταῦτα
748 3277 798 3343 ἐπὶ
821 3286 877 3355 τῆς
904 3268 1083 3370 εὐδαίμονος
1102 3280 1218 3353 ταύτης

187 3548 226 3625 (ι)
244 3547 325 3608 Oret.
341 3547 363 3621 1,
375 3567 404 3625 p.
423 3566 466 3606 ιο.

186 3642 228 3721 (α)
255 3643 283 3700 ls
305 3642 382 3701 bello
397 3643 516 3722 gothico
537 3644 664 3704 Veientis
680 3656 811 3723 tempore
825 3646 965 3723 equestris
987 3645 1130 3704 exercitiis
1143 3665 1216 3723 prae-

77 3728 80 3735 ’
147 3741 284 3798 secturam
300 3740 337 3798 ad
357 3753 470 3820 tempus
492 3741 599 3819 gessit:
625 3741 656 3800 in
684 3741 747 3820 ipso
770 3742 875 3819 proelio
896 3762 955 3820 quo
979 3743 1084 3800 Valens
1101 3743 1217 3818 cecidit,

148 3837 278 3917 periculo
306 3850 396 3896 semet
431 3838 556 3913 exemit,
585 3859 649 3896 cum
676 3838 856 3898 Richomere.
883 3842 995 3912 Amin„
1029 3839 1080 3897 lib.
1113 3840 1216 3900 XXXI.

148 3936 279 3994 Donatus
295 3947 358 3993 eret
369 3932 428 4012 jhm
442 3947 509 3996 ente
526 3937 708 3995 consulatum
719 3937 882 4014 magisterio
891 3938 1023 4011 miiitum,
1036 3950 1064 3994 et
1075 3937 1213 3994 comitatu

146 4031 285 4090 Orientis.
