<?xml version="1.0" encoding="UTF-8"?>
<!DOCTYPE html PUBLIC "-//W3C//DTD XHTML 1.0 Transitional//EN"
    "http://www.w3.org/TR/xhtml1/DTD/xhtml1-transitional.dtd">
<html xmlns="http://www.w3.org/1999/xhtml" xml:lang="en" lang="en">
 <head>
  <title>
</title>
<meta http-equiv="Content-Type" content="text/html;charset=utf-8" />
  <meta name='ocr-system' content='tesseract 3.04.00' />
  <meta name='ocr-capabilities' content='ocr_page ocr_carea ocr_par ocr_line ocrx_word'/>
</head>
<body>
  <div class='ocr_page' id='page_1' title='image "./dethemistiosoph00baregoog_0048.png"; bbox 0 0 2752 4688; ppageno 0'>
   <div class='ocr_carea' id='block_1_1' title="bbox 107 321 1290 1282">
    <p class='ocr_par' dir='ltr' id='par_1_1' title="bbox 107 321 1290 1282">
     <span class='ocr_line' id='line_1_1' title="bbox 578 321 756 385; baseline -0.011 -17"><span class='ocrx_word' id='word_1_1' title='bbox 578 355 624 368; x_wconf 92' lang='lat'><strong>...</strong></span> <span class='ocrx_word' id='word_1_2' title='bbox 648 321 687 385; x_wconf 82' lang='lat'><strong>37</strong></span> <span class='ocrx_word' id='word_1_3' title='bbox 713 353 756 366; x_wconf 82' lang='lat'><strong>...</strong></span> 
     </span>
     <span class='ocr_line' id='line_1_2' title="bbox 138 444 1290 547; baseline -0.004 -25"><span class='ocrx_word' id='word_1_4' title='bbox 138 452 228 547; x_wconf 86' lang='lat' dir='ltr'><strong>apud</strong></span> <span class='ocrx_word' id='word_1_5' title='bbox 246 451 410 547; x_wconf 91' lang='lat' dir='ltr'><strong>populum</strong></span> <span class='ocrx_word' id='word_1_6' title='bbox 425 451 597 544; x_wconf 79' lang='lat' dir='ltr'><strong>vigebant,</strong></span> <span class='ocrx_word' id='word_1_7' title='bbox 608 453 681 537; x_wconf 88' lang='lat' dir='ltr'><strong>cui,</strong></span> <span class='ocrx_word' id='word_1_8' title='bbox 704 451 834 519; x_wconf 74' lang='lat' dir='ltr'><strong>servatel</strong></span> <span class='ocrx_word' id='word_1_9' title='bbox 850 463 1041 545; x_wconf 89' lang='lat' dir='ltr'><strong>temporum</strong></span> <span class='ocrx_word' id='word_1_10' title='bbox 1061 452 1206 532; x_wconf 86' lang='lat' dir='ltr'><strong>ratione,</strong></span> <span class='ocrx_word' id='word_1_11' title='bbox 1230 453 1233 458; x_wconf 75' lang='grc'><strong>“</strong></span> <span class='ocrx_word' id='word_1_12' title='bbox 1289 444 1290 447; x_wconf 44' lang='lat'>&#39;</span> 
     </span>
     <span class='ocr_line' id='line_1_3' title="bbox 139 564 1208 658; baseline -0.001 -24"><span class='ocrx_word' id='word_1_13' title='bbox 139 581 289 636; x_wconf 92' lang='lat' dir='ltr'><strong>veterum</strong></span> <span class='ocrx_word' id='word_1_14' title='bbox 312 565 526 636; x_wconf 90' lang='lat' dir='ltr'><strong>tribunorum</strong></span> <span class='ocrx_word' id='word_1_15' title='bbox 546 564 707 635; x_wconf 90' lang='lat' dir='ltr'><strong>abolitum</strong></span> <span class='ocrx_word' id='word_1_16' title='bbox 722 564 920 658; x_wconf 86' lang='lat' dir='ltr'><strong>jampridem</strong></span> <span class='ocrx_word' id='word_1_17' title='bbox 941 566 1135 633; x_wconf 82' lang='lat' dir='ltr'><strong>memoriam</strong></span> <span class='ocrx_word' id='word_1_18' title='bbox 1156 589 1208 633; x_wconf 73' lang='lat' dir='ltr'><strong>re-</strong></span> 
     </span>
     <span class='ocr_line' id='line_1_4' title="bbox 138 689 1210 787; baseline -0.001 -30"><span class='ocrx_word' id='word_1_19' title='bbox 138 692 385 783; x_wconf 78' lang='lat' dir='ltr'><strong>presentabant</strong></span> <span class='ocrx_word' id='word_1_20' title='bbox 403 715 411 758; x_wconf 74' lang='grc' dir='ltr'>ε</span> <span class='ocrx_word' id='word_1_21' title='bbox 428 692 537 772; x_wconf 83' lang='grc' dir='ltr'>Οἰκίας</span> <span class='ocrx_word' id='word_1_22' title='bbox 555 693 703 787; x_wconf 82' lang='grc' dir='ltr'>πρότερον</span> <span class='ocrx_word' id='word_1_23' title='bbox 725 691 912 783; x_wconf 66' lang='grc' dir='ltr'>ἐπεμελήθης</span> <span class='ocrx_word' id='word_1_24' title='bbox 929 689 947 764; x_wconf 79' lang='grc' dir='ltr'>ἢ</span> <span class='ocrx_word' id='word_1_25' title='bbox 971 690 1141 776; x_wconf 83' lang='grc' dir='ltr'>βασιλείας,</span> <span class='ocrx_word' id='word_1_26' title='bbox 1157 690 1210 758; x_wconf 86' lang='grc' dir='ltr'><strong>καὶ</strong></span> 
     </span>
     <span class='ocr_line' id='line_1_5' title="bbox 137 808 1205 911; baseline -0.002 -32"><span class='ocrx_word' id='word_1_27' title='bbox 137 817 324 911; x_wconf 72' lang='grc' dir='ltr'>μετήνεγκας</span> <span class='ocrx_word' id='word_1_28' title='bbox 344 819 406 888; x_wconf 88' lang='grc' dir='ltr'><strong>ἀπὸ</strong></span> <span class='ocrx_word' id='word_1_29' title='bbox 428 827 490 886; x_wconf 84' lang='grc' dir='ltr'>τῶν</span> <span class='ocrx_word' id='word_1_30' title='bbox 514 817 688 884; x_wconf 71' lang='grc' dir='ltr'><strong>ἐλαττόνων</strong></span> <span class='ocrx_word' id='word_1_31' title='bbox 715 813 764 882; x_wconf 79' lang='grc' dir='ltr'><strong>ἀπὶ</strong></span> <span class='ocrx_word' id='word_1_32' title='bbox 784 812 823 881; x_wconf 78' lang='grc' dir='ltr'>τὰ</span> <span class='ocrx_word' id='word_1_33' title='bbox 845 808 936 906; x_wconf 85' lang='grc' dir='ltr'>μείζω</span> <span class='ocrx_word' id='word_1_34' title='bbox 957 817 1013 890; x_wconf 77' lang='grc' dir='ltr'>τὴν</span> <span class='ocrx_word' id='word_1_35' title='bbox 1039 812 1205 907; x_wconf 78' lang='grc' dir='ltr'>ἐμπειρίαν.</span> 
     </span>
     <span class='ocr_line' id='line_1_6' title="bbox 140 929 1208 1036; baseline 0 -32"><span class='ocrx_word' id='word_1_36' title='bbox 140 931 226 1006; x_wconf 80' lang='grc' dir='ltr'>Οὐδέ</span> <span class='ocrx_word' id='word_1_37' title='bbox 246 966 279 1006; x_wconf 88' lang='grc' dir='ltr'><strong>σε</strong></span> <span class='ocrx_word' id='word_1_38' title='bbox 293 933 345 1036; x_wconf 22' lang='grc' dir='ltr'>,δεῖ</span> <span class='ocrx_word' id='word_1_39' title='bbox 361 937 461 1022; x_wconf 79' lang='grc' dir='ltr'>ζητεῖν</span> <span class='ocrx_word' id='word_1_40' title='bbox 478 942 550 1019; x_wconf 86' lang='grc' dir='ltr'>τοὺς</span> <span class='ocrx_word' id='word_1_41' title='bbox 575 929 760 1017; x_wconf 73' lang='grc' dir='ltr'>διδάξοντας</span> <span class='ocrx_word' id='word_1_42' title='bbox 781 933 813 1016; x_wconf 76' lang='grc' dir='ltr'><strong>ἐξ</strong></span> <span class='ocrx_word' id='word_1_43' title='bbox 835 940 911 1005; x_wconf 83' lang='grc' dir='ltr'>ὅσων</span> <span class='ocrx_word' id='word_1_44' title='bbox 932 929 1069 1032; x_wconf 84' lang='grc' dir='ltr'>ἱδρώτων</span> <span class='ocrx_word' id='word_1_45' title='bbox 1092 938 1208 1030; x_wconf 89' lang='grc' dir='ltr'>περιγί-</span> 
     </span>
     <span class='ocr_line' id='line_1_7' title="bbox 107 1060 1208 1160; baseline -0.002 -32"><span class='ocrx_word' id='word_1_46' title='bbox 107 1113 109 1117; x_wconf 87' lang='grc'>-</span> <span class='ocrx_word' id='word_1_47' title='bbox 138 1087 224 1130; x_wconf 85' lang='grc' dir='ltr'>νεται</span> <span class='ocrx_word' id='word_1_48' title='bbox 241 1073 306 1142; x_wconf 86' lang='grc' dir='ltr'>τοῖς</span> <span class='ocrx_word' id='word_1_49' title='bbox 325 1074 468 1160; x_wconf 83' lang='grc' dir='ltr'>γεωργοῖς</span> <span class='ocrx_word' id='word_1_50' title='bbox 488 1064 541 1132; x_wconf 85' lang='grc' dir='ltr'><strong>καὶ</strong></span> <span class='ocrx_word' id='word_1_51' title='bbox 557 1061 703 1156; x_wconf 72' lang='grc' dir='ltr'>ἡμίεκτον</span> <span class='ocrx_word' id='word_1_52' title='bbox 725 1061 776 1128; x_wconf 88' lang='grc' dir='ltr'><strong>καὶ</strong></span> <span class='ocrx_word' id='word_1_53' title='bbox 801 1061 964 1156; x_wconf 79' lang='grc' dir='ltr'>ἀρρίεκτον</span> <span class='ocrx_word' id='word_1_54' title='bbox 984 1061 1035 1128; x_wconf 89' lang='grc' dir='ltr'><strong>καὶ</strong></span> <span class='ocrx_word' id='word_1_55' title='bbox 1059 1060 1208 1153; x_wconf 77' lang='grc' dir='ltr'>ἀμφορεὺς</span> 
     </span>
     <span class='ocr_line' id='line_1_8' title="bbox 138 1183 1209 1282; baseline -0.003 -29"><span class='ocrx_word' id='word_1_56' title='bbox 138 1186 190 1253; x_wconf 88' lang='grc' dir='ltr'><strong>καὶ</strong></span> <span class='ocrx_word' id='word_1_57' title='bbox 205 1193 338 1278; x_wconf 83' lang='grc' dir='ltr'>χαλκοῦς</span> <span class='ocrx_word' id='word_1_58' title='bbox 356 1185 395 1268; x_wconf 83' lang='grc' dir='ltr'>εἷς</span> <span class='ocrx_word' id='word_1_59' title='bbox 409 1189 462 1256; x_wconf 85' lang='grc' dir='ltr'><strong>καὶ</strong></span> <span class='ocrx_word' id='word_1_60' title='bbox 479 1188 626 1282; x_wconf 79' lang='grc' dir='ltr'>ἀργυροῦς</span> <span class='ocrx_word' id='word_1_61' title='bbox 640 1188 758 1279; x_wconf 75' lang='grc' dir='ltr'>στατλρ</span> <span class='ocrx_word' id='word_1_62' title='bbox 772 1195 901 1277; x_wconf 84' lang='grc' dir='ltr'>χρυσοῦς</span> <span class='ocrx_word' id='word_1_63' title='bbox 911 1211 960 1271; x_wconf 83' lang='grc' dir='ltr'>τε,</span> <span class='ocrx_word' id='word_1_64' title='bbox 972 1187 990 1251; x_wconf 83' lang='grc' dir='ltr'>ὅ</span> <span class='ocrx_word' id='word_1_65' title='bbox 1001 1211 1032 1252; x_wconf 91' lang='grc' dir='ltr'>τι</span> <span class='ocrx_word' id='word_1_66' title='bbox 1043 1183 1094 1252; x_wconf 85' lang='grc' dir='ltr'><strong>καὶ</strong></span> <span class='ocrx_word' id='word_1_67' title='bbox 1111 1184 1209 1281; x_wconf 81' lang='grc' dir='ltr'>θέαμα</span> 
     </span>
    </p>
   </div>
   <div class='ocr_carea' id='block_1_2' title="bbox 139 1302 1210 1407">
    <p class='ocr_par' dir='ltr' id='par_1_2' title="bbox 139 1302 1210 1407">
     <span class='ocr_line' id='line_1_9' title="bbox 139 1302 1210 1407; baseline -0.002 -31"><span class='ocrx_word' id='word_1_68' title='bbox 139 1309 302 1404; x_wconf 79' lang='grc' dir='ltr'>ἀγαπητὸν</span> <span class='ocrx_word' id='word_1_69' title='bbox 326 1319 388 1391; x_wconf 87' lang='grc' dir='ltr'>τοῖς</span> <span class='ocrx_word' id='word_1_70' title='bbox 416 1316 541 1389; x_wconf 82' lang='grc' dir='ltr'>πολλοῖς</span> <span class='ocrx_word' id='word_1_71' title='bbox 559 1310 739 1401; x_wconf 86' lang='grc' dir='ltr'>ἀνθρώποις.</span> <span class='ocrx_word' id='word_1_72' title='bbox 763 1302 865 1383; x_wconf 76' lang='grc' dir='ltr'>Οἶσθα</span> <span class='ocrx_word' id='word_1_73' title='bbox 882 1308 995 1376; x_wconf 83' lang='grc' dir='ltr'>ὁπόσον</span> <span class='ocrx_word' id='word_1_74' title='bbox 1015 1309 1108 1376; x_wconf 83' lang='grc' dir='ltr'>κακὸν</span> <span class='ocrx_word' id='word_1_75' title='bbox 1123 1333 1210 1407; x_wconf 79' lang='grc' dir='ltr'>πρα-</span> 
     </span>
    </p>
   </div>
   <div class='ocr_carea' id='block_1_3' title="bbox 139 1431 1224 2235">
    <p class='ocr_par' dir='ltr' id='par_1_3' title="bbox 139 1431 1209 1776">
     <span class='ocr_line' id='line_1_10' title="bbox 140 1431 1208 1532; baseline -0.003 -33"><span class='ocrx_word' id='word_1_76' title='bbox 140 1443 251 1532; x_wconf 82' lang='grc' dir='ltr'>κτῆρος</span> <span class='ocrx_word' id='word_1_77' title='bbox 272 1435 490 1528; x_wconf 83' lang='grc' dir='ltr'>ἀναισχυντία,</span> <span class='ocrx_word' id='word_1_78' title='bbox 516 1435 628 1502; x_wconf 79' lang='grc' dir='ltr'>ὁπόσον</span> <span class='ocrx_word' id='word_1_79' title='bbox 652 1435 855 1528; x_wconf 77' lang='grc' dir='ltr'>γραμματέως</span> <span class='ocrx_word' id='word_1_80' title='bbox 880 1431 1076 1525; x_wconf 82' lang='grc' dir='ltr'>αακοτεχνία,</span> <span class='ocrx_word' id='word_1_81' title='bbox 1096 1433 1208 1500; x_wconf 85' lang='grc' dir='ltr'>ὁπόσον</span> 
     </span>
     <span class='ocr_line' id='line_1_11' title="bbox 139 1549 1209 1651; baseline -0.002 -27"><span class='ocrx_word' id='word_1_82' title='bbox 139 1558 272 1626; x_wconf 79' lang='grc' dir='ltr'>ἀσπικοῦ</span> <span class='ocrx_word' id='word_1_83' title='bbox 300 1563 494 1651; x_wconf 86' lang='grc' dir='ltr'>στρατιώτου</span> <span class='ocrx_word' id='word_1_84' title='bbox 517 1549 718 1650; x_wconf 83' lang='grc' dir='ltr'>φιλοκέρδεια·</span> <span class='ocrx_word' id='word_1_85' title='bbox 740 1561 788 1650; x_wconf 74' lang='grc' dir='ltr'><strong>ὑφ’</strong></span> <span class='ocrx_word' id='word_1_86' title='bbox 803 1554 842 1623; x_wconf 86' lang='grc' dir='ltr'><strong>ὧν</strong></span> <span class='ocrx_word' id='word_1_87' title='bbox 862 1550 1144 1636; x_wconf 77' lang='grc' dir='ltr'>πολυπλασιάζεται</span> <span class='ocrx_word' id='word_1_88' title='bbox 1169 1552 1209 1622; x_wconf 87' lang='grc' dir='ltr'><strong>τάι</strong></span> 
     </span>
     <span class='ocr_line' id='line_1_12' title="bbox 139 1673 345 1776; baseline 0.01 -2"><span class='ocrx_word' id='word_1_89' title='bbox 139 1673 299 1776; x_wconf 60' lang='grc' dir='ltr'><strong>διενοοῦ(</strong></span> <span class='ocrx_word' id='word_1_90' title='bbox 320 1673 345 1776; x_wconf 87' lang='lat'><strong>)·</strong></span> 
     </span>
    </p>

    <p class='ocr_par' dir='ltr' id='par_1_4' title="bbox 139 1793 1224 2235">
     <span class='ocr_line' id='line_1_13' title="bbox 188 1793 1209 1892; baseline -0.002 -30"><span class='ocrx_word' id='word_1_91' title='bbox 188 1796 327 1866; x_wconf 92' lang='lat' dir='ltr'><strong>Summa</strong></span> <span class='ocrx_word' id='word_1_92' title='bbox 358 1797 463 1892; x_wconf 82' lang='lat' dir='ltr'><strong>igitur</strong></span> <span class='ocrx_word' id='word_1_93' title='bbox 489 1796 551 1864; x_wconf 88' lang='lat' dir='ltr'><strong>viri</strong></span> <span class='ocrx_word' id='word_1_94' title='bbox 582 1794 673 1889; x_wconf 90' lang='lat' dir='ltr'><strong>apud</strong></span> <span class='ocrx_word' id='word_1_95' title='bbox 698 1793 877 1865; x_wconf 81' lang='lat' dir='ltr'><strong>Valentem</strong></span> <span class='ocrx_word' id='word_1_96' title='bbox 905 1793 1099 1880; x_wconf 78' lang='lat' dir='ltr'>auctoritas,</span> <span class='ocrx_word' id='word_1_97' title='bbox 1131 1817 1209 1862; x_wconf 90' lang='lat' dir='ltr'><strong>cum</strong></span> 
     </span>
     <span class='ocr_line' id='line_1_14' title="bbox 140 1905 1209 2003; baseline 0.002 -29"><span class='ocrx_word' id='word_1_98' title='bbox 140 1907 345 2003; x_wconf 81' lang='lat' dir='ltr'><strong>imperatore</strong></span> <span class='ocrx_word' id='word_1_99' title='bbox 361 1910 492 1980; x_wconf 88' lang='lat' dir='ltr'><strong>assidua</strong></span> <span class='ocrx_word' id='word_1_100' title='bbox 506 1909 729 1979; x_wconf 83' lang='lat' dir='ltr'><strong>consuetudo.</strong></span> <span class='ocrx_word' id='word_1_101' title='bbox 750 1907 831 1979; x_wconf 72' lang='lat' dir='ltr'><strong>[nde</strong></span> <span class='ocrx_word' id='word_1_102' title='bbox 845 1905 929 1978; x_wconf 91' lang='lat' dir='ltr'><strong>nulli</strong></span> <span class='ocrx_word' id='word_1_103' title='bbox 945 1908 1089 2002; x_wconf 88' lang='lat' dir='ltr'><strong>principi</strong></span> <span class='ocrx_word' id='word_1_104' title='bbox 1117 1932 1209 1977; x_wconf 87' lang='lat' dir='ltr'><strong>eom·</strong></span> 
     </span>
     <span class='ocr_line' id='line_1_15' title="bbox 139 2021 1224 2119; baseline 0.002 -31"><span class='ocrx_word' id='word_1_105' title='bbox 139 2021 273 2094; x_wconf 80' lang='lat' dir='ltr'><strong>modius</strong></span> <span class='ocrx_word' id='word_1_106' title='bbox 299 2024 554 2094; x_wconf 85' lang='lat' dir='ltr'><strong>adscribendum</strong></span> <span class='ocrx_word' id='word_1_107' title='bbox 580 2024 652 2093; x_wconf 83' lang='lat' dir='ltr'><strong>fore</strong></span> <span class='ocrx_word' id='word_1_108' title='bbox 678 2039 792 2119; x_wconf 89' lang='lat' dir='ltr'><strong>putem</strong></span> <span class='ocrx_word' id='word_1_109' title='bbox 821 2021 904 2092; x_wconf 92' lang='lat' dir='ltr'><strong>illud</strong></span> <span class='ocrx_word' id='word_1_110' title='bbox 932 2021 1071 2091; x_wconf 87' lang='lat' dir='ltr'><strong>ulterius</strong></span> <span class='ocrx_word' id='word_1_111' title='bbox 1092 2034 1224 2111; x_wconf 58' lang='lat' dir='ltr'><strong>statuar</strong></span> 
     </span>
     <span class='ocr_line' id='line_1_16' title="bbox 139 2135 1207 2235; baseline 0 -31"><span class='ocrx_word' id='word_1_112' title='bbox 139 2135 322 2228; x_wconf 86' lang='lat' dir='ltr'><strong>decretum,</strong></span> <span class='ocrx_word' id='word_1_113' title='bbox 341 2139 438 2235; x_wconf 83' lang='lat' dir='ltr'><strong>cujus</strong></span> <span class='ocrx_word' id='word_1_114' title='bbox 458 2140 548 2210; x_wconf 81' lang='lat' dir='ltr'><strong>haud</strong></span> <span class='ocrx_word' id='word_1_115' title='bbox 569 2137 666 2210; x_wconf 92' lang='lat' dir='ltr'><strong>semel</strong></span> <span class='ocrx_word' id='word_1_116' title='bbox 691 2141 1035 2214; x_wconf 83' lang='lat' dir='ltr'><strong>mentionem-Noster</strong></span> <span class='ocrx_word' id='word_1_117' title='bbox 1054 2137 1156 2232; x_wconf 85' lang='lat' dir='ltr'><strong>facit(</strong></span> <span class='ocrx_word' id='word_1_118' title='bbox 1182 2140 1207 2232; x_wconf 62' lang='grc' dir='ltr'>λ</span> 
     </span>
    </p>
   </div>
   <div class='ocr_carea' id='block_1_4' title="bbox 633 2338 712 2430">
    <p class='ocr_par' dir='ltr' id='par_1_5' title="bbox 633 2338 712 2430">
     <span class='ocr_line' id='line_1_17' title="bbox 633 2338 712 2430; baseline -0.051 -20"><span class='ocrx_word' id='word_1_119' title='bbox 633 2340 655 2430; x_wconf 72' lang='lat'><strong>5.</strong></span> <span class='ocrx_word' id='word_1_120' title='bbox 679 2338 712 2410; x_wconf 86' lang='lat' dir='ltr'><strong>s.</strong></span> 
     </span>
    </p>
   </div>
   <div class='ocr_carea' id='block_1_5' title="bbox 139 2523 1213 3541">
    <p class='ocr_par' dir='ltr' id='par_1_6' title="bbox 139 2523 1213 3541">
     <span class='ocr_line' id='line_1_18' title="bbox 188 2523 1210 2626; baseline -0.001 -29"><span class='ocrx_word' id='word_1_121' title='bbox 188 2525 278 2597; x_wconf 91' lang='lat' dir='ltr'><strong>Illud</strong></span> <span class='ocrx_word' id='word_1_122' title='bbox 292 2528 380 2598; x_wconf 74' lang='lat' dir='ltr'><strong>circii</strong></span> <span class='ocrx_word' id='word_1_123' title='bbox 399 2523 534 2626; x_wconf 83' lang='lat' dir='ltr'><strong>tempus</strong></span> <span class='ocrx_word' id='word_1_124' title='bbox 548 2554 567 2599; x_wconf 93' lang='lat' dir='ltr'><strong>e</strong></span> <span class='ocrx_word' id='word_1_125' title='bbox 582 2530 663 2599; x_wconf 88' lang='lat' dir='ltr'><strong>vivis</strong></span> <span class='ocrx_word' id='word_1_126' title='bbox 678 2528 855 2598; x_wconf 80' lang='lat' dir='ltr'><strong>decessisse</strong></span> <span class='ocrx_word' id='word_1_127' title='bbox 867 2526 1003 2596; x_wconf 88' lang='lat' dir='ltr'><strong>credam</strong></span> <span class='ocrx_word' id='word_1_128' title='bbox 1022 2528 1210 2622; x_wconf 84' lang='lat' dir='ltr'><strong>Eugenium</strong></span> 
     </span>
     <span class='ocr_line' id='line_1_19' title="bbox 139 2642 1208 2738; baseline 0.001 -29"><span class='ocrx_word' id='word_1_129' title='bbox 139 2654 287 2735; x_wconf 81' lang='lat' dir='ltr'><strong>patrem:</strong></span> <span class='ocrx_word' id='word_1_130' title='bbox 302 2667 403 2736; x_wconf 93' lang='lat' dir='ltr'><strong>quem</strong></span> <span class='ocrx_word' id='word_1_131' title='bbox 418 2643 594 2713; x_wconf 88' lang='lat' dir='ltr'><strong>verisimile</strong></span> <span class='ocrx_word' id='word_1_132' title='bbox 605 2657 653 2712; x_wconf 90' lang='lat' dir='ltr'><strong>est</strong></span> <span class='ocrx_word' id='word_1_133' title='bbox 665 2642 793 2737; x_wconf 88' lang='lat' dir='ltr'><strong>aliquot</strong></span> <span class='ocrx_word' id='word_1_134' title='bbox 808 2666 915 2711; x_wconf 87' lang='lat' dir='ltr'><strong>annos</strong></span> <span class='ocrx_word' id='word_1_135' title='bbox 926 2643 1044 2711; x_wconf 86' lang='lat' dir='ltr'><strong>vixisse</strong></span> <span class='ocrx_word' id='word_1_136' title='bbox 1058 2656 1136 2738; x_wconf 90' lang='lat' dir='ltr'><strong>post</strong></span> <span class='ocrx_word' id='word_1_137' title='bbox 1149 2644 1208 2710; x_wconf 84' lang='lat' dir='ltr'><strong>lu·</strong></span> 
     </span>
     <span class='ocr_line' id='line_1_20' title="bbox 140 2753 1209 2849; baseline 0 -25"><span class='ocrx_word' id='word_1_138' title='bbox 140 2753 281 2847; x_wconf 80' lang='lat' dir='ltr'><strong>lienum,</strong></span> <span class='ocrx_word' id='word_1_139' title='bbox 302 2781 372 2827; x_wconf 90' lang='lat' dir='ltr'><strong>non</strong></span> <span class='ocrx_word' id='word_1_140' title='bbox 386 2777 499 2827; x_wconf 85' lang='lat' dir='ltr'><strong>autem</strong></span> <span class='ocrx_word' id='word_1_141' title='bbox 516 2757 560 2827; x_wconf 92' lang='lat' dir='ltr'><strong>ad</strong></span> <span class='ocrx_word' id='word_1_142' title='bbox 572 2755 875 2826; x_wconf 78' lang='lat' dir='ltr'><strong>terum-Theodosii</strong></span> <span class='ocrx_word' id='word_1_143' title='bbox 889 2755 1090 2849; x_wconf 86' lang='lat' dir='ltr'><strong>pervenisse,</strong></span> <span class='ocrx_word' id='word_1_144' title='bbox 1104 2755 1209 2848; x_wconf 76' lang='lat' dir='ltr'><strong>quum</strong></span> 
     </span>
     <span class='ocr_line' id='line_1_21' title="bbox 140 2868 1210 2965; baseline 0 -27"><span class='ocrx_word' id='word_1_145' title='bbox 140 2868 182 2939; x_wconf 89' lang='lat' dir='ltr'><strong>de</strong></span> <span class='ocrx_word' id='word_1_146' title='bbox 208 2884 303 2964; x_wconf 86' lang='lat' dir='ltr'><strong>patre</strong></span> <span class='ocrx_word' id='word_1_147' title='bbox 330 2872 490 2964; x_wconf 74' lang='lat' dir='ltr'><strong>tauqudm</strong></span> <span class='ocrx_word' id='word_1_148' title='bbox 515 2871 676 2941; x_wconf 86' lang='lat' dir='ltr'><strong>defuncto</strong></span> <span class='ocrx_word' id='word_1_149' title='bbox 699 2869 857 2965; x_wconf 90' lang='lat' dir='ltr'><strong>loquatur</strong></span> <span class='ocrx_word' id='word_1_150' title='bbox 885 2871 919 2939; x_wconf 91' lang='lat' dir='ltr'><strong>in</strong></span> <span class='ocrx_word' id='word_1_151' title='bbox 950 2871 1102 2940; x_wconf 88' lang='lat' dir='ltr'><strong>oratione</strong></span> <span class='ocrx_word' id='word_1_152' title='bbox 1125 2871 1210 2940; x_wconf 77' lang='lat' dir='ltr'><strong>XXI</strong></span> 
     </span>
     <span class='ocr_line' id='line_1_22' title="bbox 139 2984 1211 3083; baseline -0.001 -29"><span class='ocrx_word' id='word_1_153' title='bbox 139 2985 291 3073; x_wconf 87' lang='lat' dir='ltr'><strong>ineunte,</strong></span> <span class='ocrx_word' id='word_1_154' title='bbox 309 3009 384 3079; x_wconf 85' lang='lat' dir='ltr'><strong>quae</strong></span> <span class='ocrx_word' id='word_1_155' title='bbox 397 3011 428 3056; x_wconf 93' lang='lat' dir='ltr'><strong>a.</strong></span> <span class='ocrx_word' id='word_1_156' title='bbox 452 2987 587 3056; x_wconf 85' lang='lat' dir='ltr'><strong>circiter</strong></span> <span class='ocrx_word' id='word_1_157' title='bbox 608 2984 689 3083; x_wconf 81' lang='lat'><strong>378.</strong></span> <span class='ocrx_word' id='word_1_158' title='bbox 710 2985 824 3056; x_wconf 83' lang='lat' dir='ltr'><strong>habita</strong></span> <span class='ocrx_word' id='word_1_159' title='bbox 838 2999 900 3055; x_wconf 71' lang='lat' dir='ltr'><strong>ests</strong></span> <span class='ocrx_word' id='word_1_160' title='bbox 916 2987 1038 3054; x_wconf 86' lang='lat' dir='ltr'><strong>Coram</strong></span> <span class='ocrx_word' id='word_1_161' title='bbox 1054 3008 1211 3054; x_wconf 89' lang='lat' dir='ltr'><strong>consessu</strong></span> 
     </span>
     <span class='ocr_line' id='line_1_23' title="bbox 139 3097 1212 3195; baseline -0.001 -26"><span class='ocrx_word' id='word_1_162' title='bbox 139 3097 343 3193; x_wconf 84' lang='lat' dir='ltr'><strong>amplissimo</strong></span> <span class='ocrx_word' id='word_1_163' title='bbox 372 3101 517 3195; x_wconf 77' lang='lat' dir='ltr'><strong>genitori</strong></span> <span class='ocrx_word' id='word_1_164' title='bbox 547 3100 639 3170; x_wconf 86' lang='lat' dir='ltr'><strong>filius</strong></span> <span class='ocrx_word' id='word_1_165' title='bbox 675 3101 867 3195; x_wconf 86' lang='lat' dir='ltr'><strong>parentavit</strong></span> <span class='ocrx_word' id='word_1_166' title='bbox 902 3102 1070 3190; x_wconf 75' lang='lat' dir='ltr'><strong>oratione,</strong></span> <span class='ocrx_word' id='word_1_167' title='bbox 1105 3100 1212 3194; x_wconf 79' lang='lat' dir='ltr'><strong>magis</strong></span> 
     </span>
     <span class='ocr_line' id='line_1_24' title="bbox 141 3198 1211 3312; baseline -0.001 -29"><span class='ocrx_word' id='word_1_168' title='bbox 141 3228 253 3284; x_wconf 88' lang='lat' dir='ltr'><strong>tamen</strong></span> <span class='ocrx_word' id='word_1_169' title='bbox 274 3198 475 3286; x_wconf 64' lang='lat' dir='ltr'><strong>concinnate</strong></span> <span class='ocrx_word' id='word_1_170' title='bbox 496 3230 596 3312; x_wconf 85' lang='lat' dir='ltr'><strong>atque</strong></span> <span class='ocrx_word' id='word_1_171' title='bbox 619 3213 795 3304; x_wconf 65' lang='lat' dir='ltr'><strong>adornate,</strong></span> <span class='ocrx_word' id='word_1_172' title='bbox 823 3216 924 3309; x_wconf 71' lang='lat' dir='ltr'><strong>qulam</strong></span> <span class='ocrx_word' id='word_1_173' title='bbox 946 3240 1020 3308; x_wconf 89' lang='lat' dir='ltr'><strong>quae</strong></span> <span class='ocrx_word' id='word_1_174' title='bbox 1042 3215 1211 3285; x_wconf 87' lang='lat' dir='ltr'><strong>sincerum</strong></span> 
     </span>
     <span class='ocr_line' id='line_1_25' title="bbox 141 3326 1213 3423; baseline 0.002 -27"><span class='ocrx_word' id='word_1_175' title='bbox 141 3326 291 3399; x_wconf 87' lang='lat' dir='ltr'><strong>dolorem</strong></span> <span class='ocrx_word' id='word_1_176' title='bbox 307 3330 450 3419; x_wconf 85' lang='lat' dir='ltr'><strong>deceret,</strong></span> <span class='ocrx_word' id='word_1_177' title='bbox 469 3345 503 3400; x_wconf 90' lang='lat' dir='ltr'><strong>et</strong></span> <span class='ocrx_word' id='word_1_178' title='bbox 517 3330 593 3401; x_wconf 89' lang='lat' dir='ltr'><strong>illos</strong></span> <span class='ocrx_word' id='word_1_179' title='bbox 610 3329 938 3410; x_wconf 77' lang='lat' dir='ltr'><strong>nimiumredolente</strong></span> <span class='ocrx_word' id='word_1_180' title='bbox 951 3329 1120 3418; x_wconf 79' lang='lat' dir='ltr'><strong>flosculos,</strong></span> <span class='ocrx_word' id='word_1_181' title='bbox 1140 3333 1213 3423; x_wconf 89' lang='lat' dir='ltr'><strong>qui-</strong></span> 
     </span>
     <span class='ocr_line' id='line_1_26' title="bbox 140 3444 1212 3541; baseline -0.001 -28"><span class='ocrx_word' id='word_1_182' title='bbox 140 3444 205 3513; x_wconf 88' lang='lat' dir='ltr'><strong>bus</strong></span> <span class='ocrx_word' id='word_1_183' title='bbox 231 3446 390 3535; x_wconf 64' lang='grc' dir='ltr'><strong>ἐπιδείξεις</strong></span> <span class='ocrx_word' id='word_1_184' title='bbox 416 3470 637 3541; x_wconf 77' lang='lat' dir='ltr'><strong>conspergere</strong></span> <span class='ocrx_word' id='word_1_185' title='bbox 664 3470 737 3514; x_wconf 91' lang='lat' dir='ltr'><strong>mos</strong></span> <span class='ocrx_word' id='word_1_186' title='bbox 757 3460 841 3514; x_wconf 89' lang='lat' dir='ltr'><strong>erat.</strong></span> <span class='ocrx_word' id='word_1_187' title='bbox 873 3448 947 3516; x_wconf 86' lang='lat' dir='ltr'><strong>Non</strong></span> <span class='ocrx_word' id='word_1_188' title='bbox 973 3446 1067 3514; x_wconf 83' lang='lat' dir='ltr'><strong>abest</strong></span> <span class='ocrx_word' id='word_1_189' title='bbox 1101 3460 1212 3514; x_wconf 88' lang='lat' dir='ltr'><strong>tamen</strong></span> 
     </span>
    </p>
   </div>
   <div class='ocr_carea' id='block_1_6' title="bbox 142 3563 1222 3895">
    <p class='ocr_par' dir='ltr' id='par_1_7' title="bbox 142 3563 1222 3895">
     <span class='ocr_line' id='line_1_27' title="bbox 142 3563 978 3664; baseline 0.004 -29"><span class='ocrx_word' id='word_1_190' title='bbox 142 3563 220 3662; x_wconf 88' lang='lat' dir='ltr'><strong>styli</strong></span> <span class='ocrx_word' id='word_1_191' title='bbox 234 3565 403 3662; x_wconf 88' lang='lat' dir='ltr'><strong>leporibus</strong></span> <span class='ocrx_word' id='word_1_192' title='bbox 419 3569 606 3640; x_wconf 86' lang='lat' dir='ltr'><strong>intermista</strong></span> <span class='ocrx_word' id='word_1_193' title='bbox 625 3568 775 3662; x_wconf 80' lang='lat' dir='ltr'><strong>quaedam</strong></span> <span class='ocrx_word' id='word_1_194' title='bbox 792 3569 948 3664; x_wconf 79' lang='lat' dir='ltr'><strong>gravitas.</strong></span> <span class='ocrx_word' id='word_1_195' title='bbox 976 3587 978 3591; x_wconf 83' lang='grc'><em>·</em></span> 
     </span>
     <span class='ocr_line' id='line_1_28' title="bbox 191 3680 1214 3778; baseline -0.001 -27"><span class='ocrx_word' id='word_1_196' title='bbox 191 3685 235 3751; x_wconf 90' lang='lat' dir='ltr'><strong>At</strong></span> <span class='ocrx_word' id='word_1_197' title='bbox 257 3680 315 3752; x_wconf 94' lang='lat' dir='ltr'><strong>illo</strong></span> <span class='ocrx_word' id='word_1_198' title='bbox 334 3683 490 3778; x_wconf 86' lang='lat' dir='ltr'><strong>inprimis</strong></span> <span class='ocrx_word' id='word_1_199' title='bbox 508 3683 656 3754; x_wconf 87' lang='lat' dir='ltr'><strong>delector</strong></span> <span class='ocrx_word' id='word_1_200' title='bbox 672 3682 759 3772; x_wconf 87' lang='lat' dir='ltr'><strong>loco,</strong></span> <span class='ocrx_word' id='word_1_201' title='bbox 777 3684 967 3753; x_wconf 83' lang='lat' dir='ltr'><strong>Homericae</strong></span> <span class='ocrx_word' id='word_1_202' title='bbox 984 3681 1083 3777; x_wconf 89' lang='lat' dir='ltr'><strong>pleno</strong></span> <span class='ocrx_word' id='word_1_203' title='bbox 1101 3683 1214 3753; x_wconf 87' lang='lat' dir='ltr'><strong>suavi·</strong></span> 
     </span>
     <span class='ocr_line' id='line_1_29' title="bbox 143 3796 1222 3895; baseline 0.008 -32"><span class='ocrx_word' id='word_1_204' title='bbox 143 3796 304 3885; x_wconf 84' lang='lat' dir='ltr'><strong>tatis,·nbi</strong></span> <span class='ocrx_word' id='word_1_205' title='bbox 318 3799 499 3868; x_wconf 87' lang='lat' dir='ltr'><strong>venerandi</strong></span> <span class='ocrx_word' id='word_1_206' title='bbox 517 3800 604 3868; x_wconf 86' lang='lat' dir='ltr'><strong>senis</strong></span> <span class='ocrx_word' id='word_1_207' title='bbox 622 3799 861 3868; x_wconf 84' lang='lat' dir='ltr'><strong>sanctissimam</strong></span> <span class='ocrx_word' id='word_1_208' title='bbox 877 3799 912 3866; x_wconf 91' lang='lat' dir='ltr'><strong>in</strong></span> <span class='ocrx_word' id='word_1_209' title='bbox 925 3823 1007 3895; x_wconf 83' lang='lat' dir='ltr'><strong>agro</strong></span> <span class='ocrx_word' id='word_1_210' title='bbox 1024 3799 1123 3869; x_wconf 87' lang='lat' dir='ltr'><strong>vitam</strong></span> <span class='ocrx_word' id='word_1_211' title='bbox 1139 3798 1222 3891; x_wconf 71' lang='lat' dir='ltr'><strong>pius</strong></span> 
     </span>
    </p>
   </div>
   <div class='ocr_carea' id='block_1_7' title="bbox 183 3988 838 4163">
    <p class='ocr_par' dir='ltr' id='par_1_8' title="bbox 183 3988 838 4163">
     <span class='ocr_line' id='line_1_30' title="bbox 183 3988 758 4068; baseline 0.007 -24"><span class='ocrx_word' id='word_1_212' title='bbox 183 3988 222 4066; x_wconf 83' lang='lat'><strong>(1)</strong></span> <span class='ocrx_word' id='word_1_213' title='bbox 244 3991 323 4046; x_wconf 88' lang='lat' dir='ltr'><strong>Orat.</strong></span> <span class='ocrx_word' id='word_1_214' title='bbox 340 3989 416 4060; x_wconf 80' lang='lat' dir='ltr'><strong>Vnt,</strong></span> <span class='ocrx_word' id='word_1_215' title='bbox 433 4011 460 4068; x_wconf 82' lang='lat' dir='ltr'><strong>p.</strong></span> <span class='ocrx_word' id='word_1_216' title='bbox 478 3990 627 4057; x_wconf 69' lang='lat' dir='ltr'><strong>riu-cf.</strong></span> <span class='ocrx_word' id='word_1_217' title='bbox 643 4010 674 4067; x_wconf 81' lang='lat' dir='ltr'><strong>p.</strong></span> <span class='ocrx_word' id='word_1_218' title='bbox 695 3990 758 4048; x_wconf 79' lang='lat'>115.</span> 
     </span>
     <span class='ocr_line' id='line_1_31' title="bbox 185 4083 838 4163; baseline 0.005 -23"><span class='ocrx_word' id='word_1_219' title='bbox 185 4083 224 4163; x_wconf 79' lang='lat' dir='ltr'><strong>(a)</strong></span> <span class='ocrx_word' id='word_1_220' title='bbox 247 4088 328 4144; x_wconf 86' lang='lat' dir='ltr'><strong>Orat.</strong></span> <span class='ocrx_word' id='word_1_221' title='bbox 347 4085 395 4157; x_wconf 81' lang='lat' dir='ltr'><strong>xl,</strong></span> <span class='ocrx_word' id='word_1_222' title='bbox 411 4105 441 4163; x_wconf 69' lang='lat' dir='ltr'><strong>p,</strong></span> <span class='ocrx_word' id='word_1_223' title='bbox 456 4087 519 4153; x_wconf 70' lang='lat'><strong>146.</strong></span> <span class='ocrx_word' id='word_1_224' title='bbox 534 4118 575 4130; x_wconf 92' lang='lat'><em>-</em></span> <span class='ocrx_word' id='word_1_225' title='bbox 586 4085 648 4144; x_wconf 74' lang='lat' dir='ltr'><strong>tid.</strong></span> <span class='ocrx_word' id='word_1_226' title='bbox 664 4097 723 4143; x_wconf 87' lang='lat' dir='ltr'><strong>not.</strong></span> <span class='ocrx_word' id='word_1_227' title='bbox 736 4086 838 4146; x_wconf 76' lang='lat' dir='ltr'><strong>Putav.</strong></span> 
     </span>
    </p>
   </div>
   <div class='ocr_carea' id='block_1_8' title="bbox 0 0 1382 4688">
    <p class='ocr_par' dir='ltr' id='par_1_9' title="bbox 0 0 1382 4688">
     <span class='ocr_line' id='line_1_32' title="bbox 0 0 1382 4688; baseline 0 0"><span class='ocrx_word' id='word_1_228' title='bbox 0 0 1382 4688; x_wconf 95' lang='lat' dir='ltr'><strong> </strong></span> 
     </span>
    </p>
   </div>
  </div>
 </body>
</html>
