2752 4688
569 313 747 372 ...54-

127 451 179 518 nal
206 449 350 543 ὀρφανίας
377 450 525 528 πολλάκις
553 444 780 545 ἐξαπορούμενοι
802 464 858 520 τοῦ
877 454 996 545 μισθοῦ.
1026 450 1108 521 Εἶτα
1135 456 1200 522 ἀπὸ

127 582 185 642 τοῦ
198 578 327 666 ῥυτῆρος
341 567 484 656 ἐξελθὼν,
497 564 671 650 διαλέξεται
685 577 733 641 ὅτι
744 579 805 662 τοῖς
819 581 835 642 ὁ
849 576 899 643 ἐπὶ
913 586 970 669 γῆς
984 577 1035 644 καὶ
1049 579 1125 670 ὑπὲρ
1142 588 1183 671 γῆ

42 704 44 708 ”
125 697 237 792 χρυσὸς
257 697 368 789 ἀρετῆς
384 701 441 764 οὐκ
456 692 637 777 οἱντοίξιος...
662 725 692 764 κ.
710 725 742 767 τ.
759 706 793 766 λ.
813 688 828 792 (
850 689 876 793 ).

60 900 64 913 Ι
174 811 284 879 Immo
301 810 493 879 Constantii
516 811 729 906 imperatoris
746 811 920 881 codicillos
942 814 1121 882 maximam
1136 835 1199 881 au·

128 925 328 1016 nonamipsi
342 924 554 993 conferentes
570 925 761 1020 repudiavit
771 925 825 1020 (a)
840 928 888 995 :si
902 928 1015 1020 quosb
1027 924 1202 1020 discipulis

127 1041 262 1134 egregia
276 1037 389 1106 indole
401 1052 499 1107 natos
517 1038 657 1126 videret,
671 1038 729 1109 sed
748 1041 863 1135 inopid
879 1065 1011 1134 pressos
1032 1043 1083 1119 rei
1099 1041 1200 1110 farni-

127 1152 232 1244 liaris,
256 1153 292 1220 iu
311 1153 491 1248 pecuniam
510 1151 563 1221 vel
580 1151 789 1230 frumentum
804 1179 825 1222 e
840 1180 902 1223 suo
920 1153 1037 1249 largiri
1055 1153 1198 1242 solebat,

128 1273 251 1348 nedltm
275 1274 424 1343 debitam
442 1275 632 1343 mercedem
651 1277 770 1344 acerbe
794 1278 967 1371 exigeret:
998 1282 1113 1359 Οὕτως
1139 1275 1201 1371 οἷρα

128 1405 232 1497 πόρρω
250 1400 312 1493 εἰμὶ
330 1411 387 1469 τοῦ
402 1394 566 1495 κερδαίνειν
586 1428 618 1502 τι
639 1404 701 1470 ἀπὸ
721 1413 779 1481 τῆς
798 1404 929 1499 ἀγίλης,
952 1409 1029 1483 ὥςτε
1053 1405 1148 1473 τοῦτό
1166 1430 1201 1497 γε

128 1517 195 1595 οὔδ’
212 1529 279 1594 ὅσοι
305 1552 343 1618 με
368 1528 516 1617 σοφιστὴν
544 1520 727 1618 ὀνομάζουσι
751 1533 892 1620 τολμῶσι
911 1521 1201 1621 προςλοιδορεῖσθαι,

128 1649 282 1717 ἀλλὰκαὶ
309 1647 482 1742 τούμπαλίν
506 1671 599 1739 φασι,
618 1643 815 1741 ζημιούμενον
834 1650 886 1718 καὶ
907 1643 1134 1719 σιτοδοτοῦντα
1149 1653 1202 1719 καὶ

128 1774 314 1868 ἀριθμοῦντα
333 1773 494 1866 οἱργύριον,
520 1746 601 1839 atro
620 1774 822 1867 προςοίγεσθαι
843 1776 895 1841 καὶ
916 1777 1048 1867 συνέχειν
1073 1778 1111 1842 τὸ
1132 1802 1201 1844 τοι·

130 1895 227 1988 μνίον.
240 1926 286 1941 ····
295 1887 369 1988 Εγὼ
384 1894 434 1962 οὖν
451 1894 503 1962 καὶ
516 1894 584 1987 περὶ
599 1898 717 1974 ταύτης
733 1908 788 1976 τῆς
801 1897 996 1990 βλασφημίας
1010 1897 1029 1972 ἢ
1043 1898 1202 1991 εὐφημίας,

130 2015 158 2087 ὦ
175 2011 297 2112 ἄνδρες,
317 2011 379 2086 ὧδε
393 2022 453 2112 ἔχω
471 2021 614 2111 γνώμης·
635 2021 672 2086 τὸ
686 2022 739 2112 μὲν
755 2025 894 2114 ἐπαρκεῖν
911 2021 1036 2107 ἁπλῶς,
1054 2021 1110 2088 καὶ·
1124 2020 1202 2088 οἶνοι·

128 2142 246 2212 λίσαοιν.
260 2152 325 2222 τοῖς
340 2149 503 2236 ὁμιληταῖς
521 2135 686 2235 δεομένοις,
710 2148 789 2212 πολύ
808 2172 860 2237 μοι
880 2144 1018 2237 φαίνεται
1035 2145 1204 2239 ἐλευθεριώ-

131 2271 219 2362 τερόν
238 2293 273 2334 τε
292 2266 344 2334 καὶ
362 2268 707 2360 μεγαλοπρεπέστερον,
726 2266 745 2342 ἢ
762 2262 924 2360 στρεύλοῢν
945 2292 979 2334 τε
999 2269 1131 2354 αὐτοὺς,
1150 2266 1204 2339 καὶ

131 2390 332 2474 κατατείνειν,
351 2389 403 2456 καὶ
418 2385 543 2482 ἄγχειν,
565 2381 775 2479 ἀναγκάζοντα
792 2390 991 2456 ἀποτιννύναι
1008 2392 1050 2482 μὴ
1068 2392 1150 2470 οἵους
1167 2417 1202 2458 τε

40 2552 45 2561 .
131 2513 284 2601 ύντας,·-κ.
306 2539 338 2579 τ.
358 2508 391 2577 λ.
416 2499 480 2601 (3).
566 2552 589 2563 ==
1116 2579 1121 2588 ,

148 2672 152 2688 .
180 2623 281 2719 Apud
296 2615 451 2692 bornines
467 2626 617 2718 pecuniae
631 2623 744 2692 avidos
754 2638 917 2716 quantam
932 2640 1085 2694 moveret
1103 2625 1205 2695 bilem

133 2741 306 2811 Themistii
322 2737 516 2828 liberalitas,
532 2737 629 2808 facile
644 2737 855 2833 intelligitur.
871 2743 1001 2834 ltaque,
1015 2765 1086 2810 non
1102 2739 1207 2810 modi)

133 2856 169 2924 in
181 2856 258 2950 ejus
276 2854 471 2949 largitiones
489 2854 707 2924 vehementer
721 2852 987 2943 invehebantur,
1012 2855 1069 2924 sed
1091 2852 1132 2926 eb
1145 2880 1206 2926 ve·

134 2972 216 3047 nere
238 2970 380 3058 furoris,
402 2984 450 3042 ,ut
475 2971 622 3063 magicas
647 2984 735 3039 artes
760 2969 1004 3038 contenderent
1020 2969 1208 3041 alliciendis

134 3082 308 3179 discipulis
327 3083 346 3151 a
365 3086 492 3154 Nostro
506 3083 668 3157 adhiberi.
688 3086 772 3153 Erat
785 3085 856 3155 haec
879 3083 944 3154 illo.
957 3109 1031 3158 aevo
1045 3100 1209 3180 consueta

134 3199 176 3289 ad
196 3199 385 3269 tollendum
404 3199 577 3268 inimicum
592 3197 810 3269 insimulatio.
821 3203 895 3268 Jarn
910 3199 987 3273 vide
999 3201 1210 3301 quamegre·

87 3357 89 3360 ⁴
134 3326 187 3421 gie
201 3350 275 3394 earn
290 3324 463 3420 redarguit
480 3320 698 3393 Thernistiusl
714 3313 805 3403 baro
826 3328 878 3418 μὲν
894 3326 1013 3412 εἰπεῖν,
1032 3326 1056 3396 ὦ
1075 3319 1210 3420 ἄνδρες,

134 3455 176 3544 μη
203 3451 256 3520 καὶ
276 3453 414 3545 ἀτεχνῶς
438 3444 564 3543 δόξαιμι
585 3444 847 3528 καλλωπίζεσθαι·
877 3453 1091 3545 συνελαύνουσι
1114 3443 1156 3518 δὲ.
1170 3452 1209 3522 ,οἱ

133 3579 301 3669 κατήγοροι
327 3572 384 3654 τὰς
409 3572 553 3651 ἀληθινοῖς
570 3599 607 3665 με
629 3551 815 3666 ἑπαγιογὰς,
839 3573 886 3652 αἱς
909 3582 1032 3666 χρῶμαι
1060 3573 1111 3643 ἐπὶ
1137 3577 1209 3650 τοὺς

176 3834 217 3914 (ι)
239 3837 319 3894 Orat.
334 3833 410 3905 Xlll,
425 3854 452 3909 p.
469 3836 535 3891 261.
553 3834 596 3891 cf.
613 3834 746 3892 Lactant.
762 3833 833 3891 lnst.
848 3832 905 3890 div.
918 3831 952 3904 V,
962 3852 990 3909 p.
1008 3853 1052 3889 ιι.

174 3933 216 4010 (κ)
237 3934 318 3989 Orat.
333 3929 442 3998 ΧΧΙΙΙ,
455 3950 483 4006 p.
501 3936 569 4005 κρυ,
585 3951 610 3987 c.
834 3942 839 3952 '
1084 3934 1088 3941 '

175 4023 218 4102 (3)
238 4024 317 4083 Orat.
333 4022 438 4094 lllllll,
452 4042 480 4097 p.
497 4024 564 4097 289.
