2752 4688
621 311 775 373 „4ss

160 441 248 515 viros
267 446 412 515 efficeret
440 448 558 532 bonos,
584 461 617 514 et
644 444 687 513 ad
709 443 919 534 exsequenda
946 468 1083 512 munera
1103 443 1232 538 optime

159 572 358 639 institutos:
386 558 450 640 Eiet
471 569 649 666 φιλοσοφίας
673 571 801 661 ἔφασκεν
827 569 896 660 οὐχὶ
912 570 1012 662 λόγων
1032 581 1141 661 χρῆναι
1162 569 1233 637 ἐπί·-

159 687 251 774 θειξιν
266 697 427 782 ποιεῖσθαι,
446 688 518 763 ottt
550 685 667 763 ἐνθένθε
685 692 775 759 ποθὲν
799 693 1011 785 τεκμαίρεσθαι
1029 696 1108 771 ὅςτις
1126 694 1204 785 πόρρ

156 825 226 894 ἥκοι
251 818 375 910 σοφίας,
404 815 465 886 οἷον
495 819 519 884 εἰ
553 804 622 908 μετ’
649 818 820 906 ἐπιστήμης
847 807 995 908 θιαιροῒτο
1029 813 1151 909 τάγαθὰ
1179 815 1232 883 καὶ

156 943 268 1033 φάσκοι
290 944 347 1016 τὴν
368 939 478 1033 ἀρετὴν
502 945 645 1035 μέγιστον
669 935 743 1007 εἶναι
764 948 825 1005 τῶν
842 947 958 1007 λοιπῶν
981 940 1032 1007 καὶ
1059 941 1230 1033 ὑπερφέρειν

154 1076 263 1159 μακρῷ
281 1064 324 1133 τὰ
340 1061 440 1149 ἄλλα,
455 1066 496 1132 ταί
513 1089 548 1132 τε
562 1075 617 1131 τοῦ
634 1065 776 1156 σώματος
788 1063 940 1158 λεγόμενα
955 1063 1008 1130 καὶ
1024 1067 1102 1130 ὅσων
1121 1058 1229 1142 ἔξωθεν

153 1168 233 1283 τύχα
254 1191 423 1274 βασιλεύει,
439 1182 507 1255 ἀλλ’
524 1188 549 1255 εἰ
568 1185 690 1280 φρονοίη
708 1189 760 1254 τὸν
778 1185 894 1280 τρόπον
913 1197 1026 1254 τοῦτον
1043 1187 1096 1254 καὶ
1117 1214 1230 1279 προαι-

154 1319 249 1404 ροῖτο,
262 1313 315 1378 καὶ
331 1315 387 1386 τὴν
403 1311 520 1404 ἀγαθὴν
541 1304 648 1404 πρᾶξιν
664 1308 710 1376 ἀεὶ
726 1307 906 1403 ἐπίπροσθεν
924 1307 994 1403 σίγοι
1012 1321 1065 1388 τῆς
1080 1317 1229 1404 χρήματα

152 1436 171 1510 ἢ
195 1426 288 1513 δόξαν
311 1435 469 1527 φερούσης.
499 1419 610 1512 rimor
631 1434 661 1499 τ’
682 1433 793 1525 ἔχοντα
818 1440 859 1525 τῇ
881 1429 936 1524 μὲν
958 1437 1086 1527 γλώττῃ
1106 1441 1229 1528 φιλοσο-

153 1563 269 1650 φήσειν,
290 1568 330 1652 τῇ
349 1550 462 1649 καρθίορ
486 1548 514 1623 θ’
537 1547 683 1648 οὐθαμῶς
704 1543 767 1648 (1).
796 1553 861 1624 Sed
878 1555 949 1622 haec
971 1555 1109 1623 obiter:
1131 1554 1230 1648 plura

153 1673 243 1738 enirn
266 1670 307 1738 de
326 1669 475 1766 Eugenio
494 1668 581 1741 infra
600 1669 845 1763 disputaturus,
863 1694 929 1737 rem
945 1668 987 1737 ad
1007 1671 1110 1761 ipsam
1129 1669 1229 1738 fune-

154 1784 248 1854 brem
268 1785 455 1857 0rationem
474 1781 612 1850 differo.

203 1898 304 1966 Vides
339 1898 446 1993 igitur
479 1895 639 1990 praeclaro
674 1897 818 1965 fortunae
854 1898 1017 1966 beneficio
1047 1901 1229 1994 contigisse

150 2015 340 2086 Themistio
360 2030 398 2083 ut
420 2005 515 2108 patre
534 2028 687 2082 uteretur
701 2028 733 2080 et
750 2015 879 2106 optimo
894 2029 927 2083 et
944 2014 1150 2103 doctissimo,
1168 2019 1227 2110 qui

152 2131 256 2224 qutun
281 2131 389 2224 prima
408 2129 469 2198 filii
487 2129 598 2199 studia
624 2128 702 2196 inde
729 2129 747 2196 ἓν
778 2128 897 2197 ιοιιεθιί
925 2145 1021 2199 aetate
1047 2133 1088 2199 ad
1111 2131 1228 2201 adole·
1313 2197 1315 2201 Α

151 2245 311 2315 scentiam
336 2269 441 2337 usque
456 2243 596 2338 paternd
617 2241 841 2310 sollieitudine
856 2260 1127 2337 prosequeretur,
1149 2247 1229 2340 jure

152 2375 190 2427 tu
208 2359 370 2428 Nostrum
384 2357 417 2424 in
438 2358 614 2426 Musarum
629 2356 724 2448 quasi
743 2357 872 2450 gremio
886 2358 1071 2425 enutritum
1087 2359 1226 2446 dixeris,

151 2497 215 2542 uec
233 2473 323 2541 subit
338 2472 453 2540 mirari
475 2470 683 2563 splendidam
699 2469 791 2537 iliam
811 2469 973 2541 doctrinae
992 2474 1136 2566 copiam,
1153 2500 1228 2568 quae
1306 2495 1310 2504 ’

150 2587 296 2656 inomni
314 2586 386 2679 ejus
408 2586 562 2654 oratioue
576 2600 609 2654 et
625 2585 710 2680 stylo
727 2585 929 2654 intermicat.

198 2706 285 2787 iam,
315 2717 351 2770 ut
375 2700 453 2769 illuc
481 2715 646 2789 revertar,
669 2702 703 2768 in
724 2700 952 2795 Paphlagonid
983 2717 1096 2770 natum
1124 2703 1227 2774 fuisse
1260 2738 1270 2749 r

148 2817 386 2903 Themistium,
398 2817 513 2909 ibique
533 2817 774 2908 patrimonium
787 2816 956 2903 habuisse,
973 2816 1055 2886 nihil
1070 2817 1224 2889 dubium.

149 2937 218 3002 Res
234 2931 324 3000 enim
343 2923 478 2999 abunde
497 2946 589 3023 patet
603 2955 647 2999 ex
661 2933 815 3006 oratione
828 2934 874 3015 ΙΙ,
889 2932 923 2999 in
944 2933 1024 3026 qud,
1043 2949 1225 3029 postquam

149 3071 229 3140 opes
253 3069 347 3132 suas,
369 3045 396 3112 si
422 3068 499 3112 cum
523 3042 747 3138 imperatoriis
766 3042 995 3133 conferantur,
1020 3046 1130 3116 nullas
1154 3075 1227 3120 esse

148 3161 244 3246 dixit,
267 3158 384 3252 adjicit
398 3159 453 3227 vix
467 3155 608 3253 guttulae
624 3158 730 3226 instar
750 3181 835 3244 esse,
857 3184 924 3226 uon
941 3161 1044 3229 modo
1058 3187 1131 3254 quae
1149 3188 1228 3258 pos·

147 3275 272 3344 sideret
286 3275 369 3368 ipse,
387 3271 444 3341 sed
459 3297 538 3370 quae
546 3297 683 3368 parens
697 3287 854 3370 uterque,
878 3272 987 3344 immd
1011 3301 1133 3346 omnes
1152 3304 1226 3348 om·

147 3391 232 3459 nino
246 3386 499 3485 Paphlagonas
512 3387 546 3454 in
566 3385 664 3455 bonis
681 3387 913 3484 haherent(u).
928 3389 987 3494 Sin
1003 3391 1120 3459 urbem
1134 3419 1224 3484 qure-

144 3524 200 3574 'ras
228 3503 383 3598 patriam,
405 3502 475 3571 sive
501 3501 675 3570 civitatem
707 3502 763 3570 ubi
786 3503 929 3571 rhetoris
956 3503 1025 3591 vel,
1052 3506 1077 3572 si
1102 3508 1219 3593 mavis,

146 3618 303 3714 sophistae
319 3642 444 3685 munus
456 3606 629 3712 Eugenius
643 3631 739 3710 pater
754 3618 904 3712 gesserit,
920 3618 1046 3707 haesito,
1065 3645 1126 3687 nec
1138 3622 1222 3712 quid

146 3731 367 3827 respondeam
386 3731 510 3818 haheo,
537 3730 702 3824 siquidem
720 3731 852 3802 disertis
879 3734 1077 3803 testimoniis
1103 3735 1220 3827 profli-

188 3931 227 4005 (ι)
251 3930 319 4004 Peg.
338 3926 402 3985 238.

190 4025 232 4102 (ἰ)
253 4025 323 4101 Peg.
345 4023 389 4081 ιθ.
