2752 4688
613 385 656 392 -.
681 351 698 411 7
726 382 766 392 ..

158 492 231 547 rato
245 480 326 573 noni
346 480 462 572 possit,
485 476 900 560 indolesverboratiauis
924 477 1227 572 predatio-teum

156 593 265 685 prima
291 595 373 663 artis
395 593 550 672 edentem
577 595 782 688 specimina:
811 592 922 676 neseio
948 617 990 663 an
1005 580 1229 676 bbooitlchos

154 708 256 789 etiam
275 709 383 802 patria
409 709 522 787 Nostri
547 709 779 794 fueritQuae
797 707 935 802 quidem
960 706 1168 801 conjectura,
1192 721 1229 774 ut

146 817 366 908 ¹firmiori-bus
386 823 609 927 argumentis
626 823 786 904 destituta
822 837 882 906 est,
913 823 959 895 sic
985 820 1055 890 veri
1083 818 1227 912 quddam

155 937 266 1029 specie
283 961 398 1019 carere
419 963 487 1007 non
509 936 656 1007 videtur.

648 1150 791 1240 ᾗ),

203 1346 376 1438 Eugenius
395 1361 509 1414 autem
532 1359 710 1438 postquam
732 1345 860 1438 ingenii
875 1344 970 1413 dotes
990 1344 1111 1429 infilio
1129 1370 1229 1439 egre·

135 1448 224 1555 ‘gias
238 1460 440 1529 intervidere
458 1475 619 1556 coeperat,
637 1486 704 1529 suae
722 1460 792 1553 ipse
810 1459 971 1528 doetrinae
991 1459 1158 1545 diffidens,
1173 1461 1230 1556 ju·
1330 1490 1334 1496 ·

28 1652 38 1669 ..
154 1600 272 1644 venem
292 1576 534 1645 detrectantem
553 1577 632 1644 sane
651 1590 683 1643 et
698 1576 785 1668 aegre
803 1574 963 1643 ferentem
990 1575 1226 1645 dimittendum

154 1689 284 1778 statuit,
305 1716 370 1758 non
396 1691 547 1759 Athenas
570 1689 708 1783 quidem
720 1690 774 1782 (ut
787 1689 1057 1784 exspectaveris),
1077 1715 1137 1758 nec
1160 1677 1227 1760 An·

153 1805 326 1893 tiochiam,
344 1803 488 1899 inclytas
507 1820 588 1873 tunc
606 1803 798 1873 scholarum
819 1802 919 1872 laude
931 1789 1095 1893 civitates,
1119 1805 1226 1875 sedin

153 1917 262 1987 ultimi
279 1921 379 1988 Ponti
399 1917 615 2014 oppidulum,
632 1935 743 1989 cetera
760 1901 840 1990 sane
855 1944 955 2014 quam
978 1920 1174 2008 obscurum,
1193 1936 1228 1989 at

91 2125 97 2130 .
152 2034 244 2128 quod
262 2059 302 2103 eo
325 2048 477 2129 tempore
490 2035 592 2102 unius
608 2035 670 2102 viri
695 2036 857 2128 sapientia
876 2033 960 2102 adeo
975 2034 1227 2121 nobilitaverat,

105 2161 107 2165 '
152 2163 348 2239 utvsaerum
377 2173 447 2217 esse
470 2147 649 2223 delubrum
675 2152 852 2218 Musarum
880 2174 1065 2244 graecarum
1089 2165 1225 2244 putare·

152 2288 237 2340 tur.
256 2260 330 2368 Εγὼ
351 2275 402 2341 καὶ
426 2276 518 2353 αὐτὸς
539 2279 567 2342 ἐν
590 2275 669 2341 πολὺ
693 2267 822 2342 τοῦδε’
804 2276 999 2370 αφανεστέρῳ
1024 2276 1126 2369 χωρίῳ
1153 2278 1226 2354 τοὺς

154 2399 331 2499 ῥητορικοὺς
353 2397 463 2493 λόγους
486 2389 808 2492 dvedpebduuvst
735 2390 845 2465 ουδὲ
832 2425 861 2465 ον
892 2402 984 2494 ἡρέρ
970 2425 994 2464 ω
1015 2399 1066 2465 καὶ
1093 2383 1225 2515 Ε’λληνι,

56 2576 58 2580 .
152 2521 250 2589 ἀλλ’
237 2547 266 2588 εν
285 2531 324 2617 τῇ
343 2525 474 2614 ἐσχατιοῖ
491 2549 546 2589 του
531 2522 686 2589 Πόντου
702 2521 829 2596 πλησίον
841 2514 1030 2603 Φάσιδος..
1053 2513 1161 2596 Ati*
1143 2549 1226 2628 ομιτς

150 2647 232 2712 οὕτω
264 2647 306 2731 βα
298 2640 452 2741 ρὸαρον
446 2645 498 2713 καὶ
530 2646 678 2739 ἀνήμερον
697 2669 761 2735 χωρ
747 2643 807 2735 ρίον
841 2637 928 2711 ἄν)
901 2671 950 2738 ρος
972 2648 1036 2725 ἑνὸς
1061 2648 1152 2739 σοφία
1174 2650 1226 2717 καὶ
1320 2673 1323 2679 ’

150 2769 245 2862 ἀρετὴ
267 2768 430 2850 ἑλληνικόν,
443 2793 478 2837 τι
496 2769 619 2842 ἐποίησε
633 2767 685 2841 καὶ
700 2766 865 2859 ἀνάκτορον
882 2775 944 2835 τῶν
957 2774 1090 2843 Μουσῶν
1107 2760 1168 2862 (ι).

115 2901 116 2905 ’
198 2880 373 2966 Absolutis
391 2881 538 2974 denique
553 2882 587 2951 iu
607 2883 717 2951 Ponto
732 2879 863 2964 studiis,
877 2881 1099 2959 Tlremistium
1114 2882 1225 2958 rediis·

150 3022 184 3065 se
200 2997 436 3093 Abonitichos,
452 2997 566 3089 ibique
585 2995 689 3089 patris
705 2995 843 3093 jamjam
857 2999 1057 3066 senescentis
1068 2999 1101 3066 in
1114 2997 1226 3087 locum

149 3110 252 3180 fuisse
275 3111 455 3181 suffectum
476 3109 758 3207 crediderim(
781 3115 822 3179 At
844 3136 881 3180 ea
906 3138 975 3207 non
999 3128 1071 3181 erat
1099 3115 1224 3210 egregii

148 3225 371 3296 adolescentis
406 3211 540 3313 natura,
571 3252 646 3320 quae
669 3225 845 3295 obscuro
837 3251 871 3295 m
903 3202 977 3296 loco
1004 3227 1061 3296 dib
1096 3227 1225 3319 lateret,

149 3365 254 3434 quum
266 3341 409 3410 maxime
394 3339 517 3409 nulla
536 3340 605 3410 fere
618 3334 703 3409 esset
717 3342 877 3409 Romanae
894 3340 1031 3409 ditionis
1045 3339 1147 3437 paulb
1157 3343 1225 3414 cla·

150 3454 220 3523 rior
236 3455 362 3543 civitas,
377 3457 460 3549 quin
478 3482 539 3525 suo
552 3471 691 3550 sumptu
710 3433 862 3526 rhetores
882 3453 985 3525 aleret
1006 3473 1039 3528 et
1055 3482 1223 3571 gramma-

149 3570 244 3638 ticos
275 3575 465 3666 Tantopere
488 3571 637 3639 studium
653 3570 818 3639 bonarum
843 3570 966 3638 artium
992 3571 1082 3666 apud
1108 3598 1224 3643 omnes

189 3758 228 3833 (ι)
248 3758 330 3816 Orat
346 3756 505 3835 xxv1t‚p
522 3759 589 3816 332.

87 3917 91 3923 ,
188 3852 330 3929 (2)οι2ῑ.
345 3853 488 3932 xxlv,p.
506 3855 590 3912 305:
611 3852 700 3912 Διὰ
674 3876 700 3910 τι
711 3845 766 3924 ουν
787 3855 835 3912 οὐκ
854 3851 972 3924 ἐποθησα
983 3852 1032 3925 τὴν
1044 3855 1166 3914 Merum
1178 3856 1223 3914 λι

149 3972 217 4027 μνην
232 3948 280 4019 τὴν
301 3972 354 4007 των
369 3949 553 4029 ἑξακισχιλίων
569 3950 700 4026 σταδιοιν;
722 3946 761 4006 dtr
776 3947 808 4020 δὴ
831 3948 930 4029 σφόδρα
950 3952 1104 4027 ἀμαθεις’
1076 3955 1156 4023 αυτὴν
1181 3955 1221 4010 οὶ·

149 4052 224 4104 κοῢσι
240 4046 283 4104 κα)
301 4046 438 4126 βάρὸοιροι.
