2752 4688
572 368 746 426 -ιι...

129 509 224 597 ώςπιρ
243 504 301 592 θεῷ
317 531 372 571 ιιαι
359 503 556 597 ἀγαλματα
569 509 640 585 ποὺς
658 505 833 599 ἀνθρώπους
853 509 992 576 εἵσασθαι
1012 502 1202 602 ξονηνοίγιια·

128 634 287 719 σορριλιῒν
310 618 394 695 66⁰
373 654 515 722 ωςπερο
505 628 602 709 ’θιος
628 632 712 709 τοὺς
726 630 901 724 ἀνθρώπους
938 635 973 698 οὐ
988 630 1074 698 πάνυ
1102 622 1151 706 66
1168 656 1203 697 πι

127 751 299 842 προείλετο.
315 753 462 838 ,Καίτοι’
450 761 548 819 ιιιεῖνα
565 755 618 845 μὲν
641 747 798 847 ἀνθρωποι
816 754 908 840 θεῷ’
890 756 1088 845 απονέμουσι,
1107 758 1203 826 τοῦτο

130 863 165 939 66
182 873 351 968 ἀνθρώποις
369 876 446 953 θεός.
462 881 617 969 Μιμοῒται
638 868 674 943 θὲ
691 880 802 966 ἐκεῖνον
822 881 913 969 ιύχό
928 875 982 955 τὰς
998 876 1092 968 τιμὰς
1106 880 1204 943 αύιοῢ

130 987 261 1082 διώκων,
275 1000 345 1065 ἀλλ’
359 1005 375 1065 6
394 1001 590 1092 τήνάρετῆν,
609 991 675 1068 066'
692 1003 781 1079 ύςτις.
790 994 932 1085 ἀξιοῦται
947 993 1103 1085 ζηλωτὴς,
1118 1002 1202 1082 ἀλλ’,

128 1123 209 1199 όςτις
227 1121 281 1208 ὢν,
296 1114 539 1214 μεταδίδωσι...
556 1123 721 1202 -Ούτος
737 1126 861 1218 ὀρέγοις
880 1126 984 1213 ὕμνος,
1002 1135 1098 1192 τοῦτο
1113 1126 1204 1218 γέρας

129 1245 283 1330 ἀληθινὸν,
298 1255 394 1314 τοῦτο
415 1249 531 1341 πρέπον
549 1250 698 1333 βασιλέως
720 1249 874 1341 ἀνάθημα,
889 1250 923 1315 σύ
937 1254 1055 1341 χαλκῆν
1069 1241 1208 1340 669th-

131 1368 217 1461 ροῖνῆ
237 1379 363 1460 χρυσῆν,
383 1369 463 1436 ἀλλὰ
485 1372 541 1443 τήν
568 1376 663 1439 αὐτοῦ
681 1367 829 1464 ψυχὴν
804 1372 907 1439 εικόνοι
929 1362 996 1438 θεοῦ
1016 1371 1204 1439 κατεσκευά-

130 1492 210 1558 σθαι
224 1479 329 1560 Εθέλει
343 1493 445 1584 μὲν
413 1505 463 1563 ούν
478 1477 639 1563 τοῦτοκαὶ
654 1501 670 1561 6
689 1495 866 1588 φιλόσοφος,
883 1493 964 1562 ἀλλὰ
977 1505 1034 1574 τῆς
1046 1487 1203 1601 θυνοίμειος
1211 1584 1214 1589 s

130 1615 371 1710 ἀπολειπόμενος
390 1620 540 1710 ποίμπολο
563 1620 746 1711 χωλεύειν”
729 1645 805 1687 οοιιιι
831 1624 887 1694 τὴν
908 1624 1036 1711 μορφήν.
1056 1590 1175 1697 ὄςτις
1169 1610 1206 1684 6

130 1740 204 1832 ὑπὲρ
224 1741 297 1820 τούς
315 1737 427 1820 ἀλλους
443 1742 619 1836 ἀνθρώπους
637 1769 690 1809 και
679 1732 841 1809 ἀύναπαι
855 1739 896 1810 τὰ
914 1740 1015 1836 ἀγαθὰ
1028 1743 1080 1810 καὶ
1096 1768 1206 1834 προαι-

133 1863 247 1956 ρεῖται,
271 1863 360 1943 οὗτος
386 1860 514 1960 ἀγαλμα
541 1875 596 1933 τοῦ
619 1866 686 1933 θεοῦ
711 1866 849 1958 ἀκέραιον
871 1867 923 1933 καὶ
941 1867 1129 1960 ὀλόκληρον,
1153 1862 1207 1932 καὶ

131 1988 256 2054 ταύτὸν·
269 1988 319 2055 ἐπὶ
336 1998 390 2081 γῆς
411 1992 485 2082 ὅπερ
507 1988 614 2067 ἐκεῖνος
631 1994 659 2057 ἐν
684 1994 812 2085 οὐρανῷ,
835 1987 895 2058 οἷον
916 1991 1028 2082 κλῆρόν
1055 2016 1126 2056 τινα
1147 1997 1205 2066 τῆς

133 2108 206 2188 ὅλης
230 2113 326 2205 ἀρχῆς
347 2116 573 2205 ἐπιτροπεύων,
599 2114 650 2180 καὶ
674 2105 783 2193 ζηλοῦν
806 2117 834 2181 ἐν
855 2124 901 2202 τῷ
922 2116 1004 2208 μέρει
1023 2118 1205 2206 πειρώμενος

133 2234 185 2362 τὸγ
202 2246 258 2304 τοῦ
276 2229 454 2330 ξύμπαντος
471 2235 608 2330 ἡγεμόνα
627 2224 690 2329 (1).
722 2233 988 2319 Disertissimum
1016 2229 1203 2303 oratorem!

131 2349 228 2443 cujus
238 2350 419 2436 sententias
434 2375 459 2416 οι
451 2336 561 2417 ben6
576 2348 795 2444 perspexeris,
812 2349 875 2416 sub
890 2347 1076 2417 adulatori6
1097 2349 1208 2442 specie

132 2458 291 2533 latentem
309 2450 427 2558 saepihs
443 2465 707 2567 admonitionem
730 2466 884 2559 reperias.
939 2546 942 2551 Ι

132 2580 316 2687 Eminet
335 2606 414 2686 vero
434 2581 469 2649 in
495 2553 714 2674 sequentibiis
741 2581 876 2674 egregia
900 2552 1092 2680 philosophi
1115 2604 1203 2647 con-

132 2678 283 2799 stantia,
293 2680 465 2764 communi
488 2697 522 2762 in
551 2696 710 2763 servitute
736 2694 915 2763 infractam
933 2717 1050 2792 vocem
1079 2695 1210 2807 erigere

33 2824 39 2833 '
133 2818 353 2886 sustinentis}
346 2801 575 2927 ·ὅςγιςέαυτῷ
593 2829 649 2897 τῆς
667 2819 824 2904 βασιλείας
834 2819 1007 2925 πούνομοιέ
1009 2818 1131 2926 μραίνει
1149 2845 1211 2888 σα

131 2954 195 3033 ρώς
205 2996 213 3029 ,
225 2947 436 3034 τοσούτουςὸρ
440 2969 462 3010 α
444 2943 615 3036 ριλους
602 2945 733 3022 οπόσους
749 2941 971 3037 ἀνθρώπους,ό
971 2968 987 3008 ν
1005 2970 1039 3010 ου
1026 2918 1206 3053 '62666663

133 3068 237 3134 ἀλλ’“
227 3068 301 3160 οπὲρ
327 3067 361 3135 ού
395 3043 532 3136 θιθίασιν
560 3069 633 3137 οἱ
616 3069 800 3163 αρχόμενοι,
824 3067 876 3135 καὶ
894 3070 1003 3173 ’μόνος
1033 3068 1069 3134 τὸ
1100 3076 1206 3184 χρῆμα

134 3217 168 3258 ου
156 3183 334 3280 ’ψεύδεται
363 3202 417 3270 τῆς
447 3168 620 3278 βασιλείας
643 3193 833 3283 βουλομένων
866 3188 925 3284 γὰρ
940 3194 982 3257 06
1012 3170 1207 3282 ρούουμένων

133 3320 275 3408 ἡγεῖται,
301 3316 441 3401 βασιλεία
461 3308 537 3383 θὲὲ
524 3317 659 3384 ἑκούσιόν
682 3344 714 3384 τι
743 3316 794 3383 ιιαὶ
815 3321 849 3382 ού
872 3314 1021 3400 βίαιον..
1046 3311 1187 3381 Οὔτε
1155 3323 1206 3381 οὐν

134 3433 250 3527 ὑψηλὸς
269 3443 379 3519 ἐκεῖνος
405 3437 452 3524 ὃς,
480 3436 514 3507 ἀν
535 3446 576 3530 μὴ
598 3437 761 3533 καταύαλῃ
780 3440 852 3517 τοὺς
869 3439 1007 3521 πλησίον,
1034 3441 1092 3528 οὐχ
1118 3443 1207 3530 ὑπερ-

134 3562 296 3708 ραίνεταγ,
317 3565 387 3629 ούτε
406 3565 546 3647 βασιλεὺς
565 3564 706 3649 ἀληθῶς,
721 3562 745 3650 ᾧ
761 3554 870 3654 μαθεὶς
882 3562 1031 3653 ἐλεύθερος
1047 3562 1206 3627 ὑπακούει.

134 3686 218 3752 Τι
184 3712 243 3782 γα
258 3682 293 3752 θιν
307 3691 323 3752 6
338 3697 476 3763 τοιοῦτος
500 3679 651 3788 θιενέγιιαι
670 3685 814 3785 πλουσίου
835 3687 949 3777 φαύλου
965 3683 1068 3750 πολλὰ
1088 3660 1206 3775 ἀνθρά-

135 3801 221 3907 γροθα
235 3814 440 3898 κεκτημένου,
462 3794 680 3903 σεμνυνομένου
700 3836 734 3876 τε
755 3809 807 3905 καὶ
827 3812 991 3901 αὐχοῦντας
1014 3810 1063 3874 ότι
1081 3805 1208 3885 πάντων

135 3931 256 4024 ἀμεινον
276 3935 407 4026 προίτπιι
425 3944 486 4001 τῶν
506 3935 648 4018 οἰκετῶν;
670 3925 871 4018 βασιλέωςθὲ
876 3925 1039 4023 ,οἶμαι,ι
1042 3957 1112 4025 ργον
1130 3896 1205 4005 αλιι

175 4098 216 4176 (¹)
239 4101 320 4160 Orat.
339 4101 359 4169 Ι,
376 4121 402 4176 p.
416 4101 442 4156 8.
