2752 4688
616 303 655 317 ..
683 270 724 334 23
749 304 791 315 ..

170 435 256 504 τερον
278 423 423 503 ποιοῦμαι
439 423 496 491 τῆς
510 415 635 504 Περσῶν
650 411 771 503 φιλίας·
798 402 839 477 δι’
861 411 974 485 ἐκείνην
991 406 1246 503 τοῖςβαρόάρύις

169 536 204 599 οὐ
218 537 451 627 πολεμήσομεν,
467 524 520 601 διὰ
535 537 587 602 τὸν
602 534 695 627 νόμον
713 534 788 626 πρὸς
805 535 932 612 ἑαυτοὺς
945 531 1154 601 ἀστασίαστοι
1173 534 1247 617 βιω-

170 656 296 747 σόμεθα.
325 655 454 751 Χιίρους
476 654 604 756 Περσῶν
637 656 781 735 ἀλληλοις
806 653 903 749 ἦμεν,
928 659 1143 749 χαλεπώτεραι
1164 653 1246 730 ἦσαν

172 789 233 846 τῶν
252 772 427 874 ἐπιδρομῶν
446 782 478 847 αἱ
495 780 612 876 γραφαὶ
627 774 660 858 ἐξ
671 784 818 874 ἑκατέρας
836 779 993 873 θρησκείας
1012 778 1095 871 παρὰ
1112 789 1169 858 τῆς
1182 779 1246 846 πό-

167 909 263 986 λεως,
285 900 546 996 ὦθεοφιλίστατε
576 903 796 997 αὐτοκράτωρ·
818 902 999 971 ὑπατείνατό
1021 929 1068 971 σοι
1097 894 1245 995 παραδεί-

169 1053 278 1122 γματα
296 1030 407 1122 ἐναργῆ
422 1033 437 1094 ό
452 1027 609 1121 παρελθὼν
629 1029 750 1120 χρόνος.
767 1009 815 1094 θα
832 1030 927 1118 μένειν
949 1030 1003 1101 τῆν
1022 1024 1177 1118 τρυτάνην
1196 1027 1244 1116 ἐφ’

170 1157 292 1237 ἑαυτῆς,
303 1154 345 1244 μὴ
356 1153 542 1246 καθελκόσης
559 1153 608 1218 ἐπὶ
628 1151 741 1243 θάτερα
760 1156 815 1226 τῆν
831 1155 937 1244 ῥοπὴν,
952 1149 1167 1240 ἁπανταχόθεν
1178 1171 1246 1240 φοι-

170 1279 227 1363 τᾷν
242 1274 281 1354 εἰς
291 1275 345 1343 τὸν
357 1276 480 1368 οὐρανὸν
499 1273 554 1353 τὰς
568 1276 643 1368 ὑπὲρ
657 1282 719 1341 τῶν
737 1281 903 1368 σκήπτρων
914 1285 974 1342 τῶν
987 1284 1046 1340 σῶν
1057 1262 1192 1363 ἱκεσίας(
1216 1261 1242 1362 ).

153 1408 157 1417 ’
220 1389 345 1482 Accipe
364 1412 457 1457 nunc
483 1389 592 1457 virum
619 1411 753 1483 gravem
778 1403 813 1469 et
836 1401 1064 1474 constantem,
1089 1410 1130 1453 ex
1158 1385 1246 1454 bene

171 1502 310 1582 munitis
333 1501 553 1597 philosophiae
575 1499 707 1595 templis
730 1525 835 1571 caecas
862 1517 895 1569 et
922 1501 1037 1569 inanes
1067 1499 1244 1568 hominum

132 1655 134 1659 ’
161 1616 404 1695 'contentiones
420 1627 677 1721 despicientem:
692 1630 791 1697 Τοῦτό
812 1653 869 1697 σοι’
885 1618 1054 1720 προοίμιον
1066 1627 1170 1720 γέγονε
1189 1636 1245 1704 τῆς

172 1758 233 1819 τῶν
255 1752 420 1846 ἀνθρώπιον
447 1753 617 1847 ἐπιμελείας
642 1760 660 1828 η
682 1755 825 1847 περὶτοῦ
852 1753 930 1820 θείου
948 1748 1129 1844 νομοθεσία·
1154 1751 1265 1841 μόνος,

171 1871 250 1969 γὰρ,
270 1880 310 1953 ὡς
332 1875 447 1958 ἔοικεν,
472 1881 528 1944 οὐκ
547 1877 663 1972 ἀγνοεῖς
682 1880 730 1944 ότι
749 1881 791 1969 μῆ
815 1875 919 1943 πάντα
938 1876 1037 1940 ἔνεστι
1055 1881 1101 1958 τῷ
1127 1875 1247 1957 βασιλεῖ

173 1995 338 2079 βιάσασθαι
353 2000 423 2081 ,τοὺς
438 2000 609 2083 ὑπηκόους,
624 2000 690 2066 ἀλλ’
705 2001 787 2068 ἔστιν
804 1996 824 2065 ἀ
839 2003 895 2073 τῆν
910 1998 1045 2092 ἀνάγκην
1061 1999 1244 2092 ἐκπέφευγε,

172 2120 224 2187 καὶ
241 2122 368 2201 ἀπειλῆς
387 2128 453 2191 ἐστι
472 2122 606 2215 κρείττω
628 2123 680 2190 καὶ
697 2123 928 2216 ἐπιτάγματος·
957 2126 1054 2212 ὥςπερ
1077 2114 1245 2196 ῆτεάλλη

174 2237 320 2336 Εόμπασα
336 2240 449 2339 ἀρετή,
470 2249 522 2314 καὶ
538 2245 676 2337 μαλιστα
691 2254 710 2322 ῆ
728 2247 797 2340 περὶ
811 2246 848 2313 τὸ
863 2245 940 2313 θεῖον
955 2238 1110 2310 εὐλάόεια·
1130 2243 1183 2309 καὶ
1197 2246 1247 2310 ότι

509 2340 521 2364 0

172 2378 235 2464 χρῆ
249 2370 446 2462 προηγεῖσθαι
461 2381 522 2438 τῶν
540 2370 661 2466 ἀγαθῶν
677 2372 796 2437 τούτων
811 2371 872 2455 ότῳ
891 2371 995 2461 μέλλει
1006 2370 1048 2461 μή
1066 2369 1246 2459 πεπλασμέ-

173 2520 231 2572 νως
247 2489 410 2587 ὑπάρξειν,
425 2489 575 2563 ἀόίαστον
589 2499 645 2569 τῆν
660 2496 756 2589 ὁρμήν
772 2504 828 2572 τῆς
840 2490 957 2586 ψυχῆς,
977 2491 1029 2559 καὶ
1045 2495 1223 2584 αὐτοκρατῆ
1237 2542 1245 2575 ,

174 2616 226 2683 καὶ
245 2621 380 2688 ἐκοιίσιον
394 2670 403 2704 ,
419 2616 499 2686 πάνυ
527 2629 628 2710 σοφῶς
644 2619 851 2696 κατανοήσας.
872 2615 911 2684 Ei
931 2614 989 2711 γὰρ
1011 2608 1086 2683 οὐδέ
1103 2589 1171 2702 σοι,
1193 2618 1250 2700 βα-

175 2747 259 2808 σιλεῦ
270 2791 279 2826 ,
298 2734 430 2811 δυνατόν
445 2744 528 2811 κατὰ
551 2723 735 2837 διάγραμμα
751 2744 852 2808 εὔνουν
873 2735 947 2808 εἶναι
963 2735 1016 2807 τὸν
1034 2741 1076 2832 μῆ
1095 2740 1250 2816 τοῦτοὲν-

174 2857 262 2933 δοθεν
282 2869 518 2961 προαιρούμενον
531 2840 651 2957 ,πόσῳ
671 2871 788 2959 μᾶλλον
807 2861 914 2939 εὐσεόῆ
942 2857 1017 2930 εἶναι
1038 2860 1090 2930 καὶ
1111 2861 1250 2952 θεοφιλῆ,

173 2989 347 3084 γράμματα
371 2991 545 3085 ἀνθρώπινα
569 2981 735 3074 δεδιότας,
755 2988 807 3060 καὶ
828 2992 986 3080 ἐπικήρους
1014 2985 1169 3078 ἀνάγκας,
1198 2985 1252 3053 καὶ

176 3110 284 3191 ἀσθενῆ
311 3119 540 3207 μορμολυκεῖα,
566 3111 586 3182 ἀ
605 3113 754 3196 πολλάκις
775 3114 828 3206 μὲν
848 3113 971 3207 ἤνεγκεν
993 3116 1009 3179 ὁ
1027 3110 1154 3202 χρόνος,
1172 3109 1252 3178 πολ·

171 3233 262 3316 λάκις
279 3227 314 3304 δέ
333 3238 385 3310 καὶ
399 3241 624 3332 παρήνεγκεν...
647 3266 676 3306 κ.
694 3264 724 3305 τ·
739 3245 769 3306 λ.
788 3225 847 3327 (2)

219 3437 259 3515 (ι)
280 3438 360 3496 Oret.
374 3437 409 3512 V,
421 3437 457 3495 ad
472 3436 600 3508 Jovian„
615 3457 647 3514 p.
662 3437 710 3511 69.
793 3471 795 3477 ·
1292 3511 1295 3515 Ι

216 3533 256 3609 (ο)
279 3535 359 3593 Orat.
371 3513 414 3607 ‘v‚
430 3553 461 3616 p.
475 3535 522 3607 67.
548 3534 634 3595 Haud
652 3530 772 3592 omnini)
795 3535 811 3591 t
836 3553 873 3604 re
893 3533 1019 3591 alienum
1035 3542 1108 3608 puto
1119 3530 1155 3588 G.
1167 3528 1252 3587 Remi

177 3627 267 3688 verba
288 3630 414 3706 referre,
431 3631 536 3710 optimi
549 3631 639 3703 civis,
659 3630 721 3689 haec
735 3627 887 3689 Themistii
903 3627 1040 3697 consilia,
1063 3626 1093 3685 in
1108 3637 1193 3683 aetate
1211 3637 1254 3684 tu·

179 3728 325 3786 multuost
340 3726 379 3806 (a.
396 3729 492 3806 1605),
508 3748 581 3787 coss.
596 3741 624 3786 et
639 3728 752 3786 senatui
769 3725 937 3804 reipublicae
948 3723 1198 3800 Norimbergensis
1213 3721 1254 3779 ita

178 3823 410 3882 commendantis
424 3843 432 3884 :
454 3824 569 3902 «Quid,
587 3825 722 3895 obsecro,
736 3835 813 3882 vetet
829 3821 930 3882 eadem
944 3821 1078 3897 consilia,
1095 3837 1159 3894 quae
1173 3817 1255 3877 The-

180 3918 292 3980 mistius
306 3917 492 4002 παρρησιάζων
511 3922 670 4001 suggessit,
686 3941 739 3980 nos
756 3920 856 3998 sequi,
874 3931 902 3976 et
917 3916 1125 3997 rempublicam
1147 3935 1253 3994 ,curare

179 4016 340 4077 adfectam?
352 4020 385 4078 Ιιι
402 4020 457 4077 hoe
471 4031 549 4082 totus
566 4034 609 4080 est
626 4019 685 4092 itte,
704 4031 735 4076 ιιι
750 4016 913 4079 libertatem
930 4014 1078 4090 religionis
1089 4025 1190 4090 urgeat
1201 4035 1210 4084 ς
1223 4027 1253 4070 et
