2752 4688
635 398 788 458 ..6-

180 536 214 592 et
230 525 322 620 quod
343 525 525 620 AEsculapii
548 526 709 620 ternplum
730 543 764 596 et
786 525 960 597 oraculum
981 527 1156 614 habuisse,
1179 530 1255 605 tinn

184 665 365 709 numorum
399 639 466 710 fide
494 643 746 736 comprobatur,
771 642 842 710 tinn
872 644 1012 714 Luciani
1039 642 1169 730 libello,
1194 648 1257 738 qui

181 753 390 825 Alexander
404 757 611 826 inscribitur.
1136 844 1140 856 Ι

211 871 364 939 Etenim
394 869 501 941 fusilis
528 877 657 965 etque
684 871 769 943 solet
798 871 912 966 lepore
942 874 1113 947 Lucianus
1139 890 1256 949 narrat

180 985 489 1054 Abonitiohitarum
505 987 688 1081 oppidum,
712 1011 853 1081 parvum
879 986 1050 1081 quondam
1064 1001 1098 1055 et
1114 985 1258 1074 humile,

182 1097 437 1168 celeberrimum
468 1103 611 1170 evasisse
646 1115 743 1197 aetate
773 1102 937 1171 Antonini
967 1116 1000 1187 et
1033 1105 1079 1176 Μ.
1112 1101 1257 1186 Aurelii,

183 1212 300 1281 fraude
318 1211 500 1283 Alexandri
526 1217 736 1309 impostoris,
755 1215 832 1308 qui,
852 1241 917 1311 ope
936 1217 1102 1312 serpentis
1117 1217 1253 1301 cicuris,

182 1351 284 1419 qnem
307 1329 622 1422 impunemanibus
650 1331 826 1418 tractavit,
852 1331 974 1423 cuique
1008 1330 1257 1422 Glyconis-no-

182 1465 259 1509 nien
278 1441 414 1526 indidit,
429 1443 508 1513 novi
526 1467 595 1511 sese
613 1442 804 1537 AEsonlapii·
819 1459 925 1515 vatem
948 1458 981 1511 et
1001 1445 1189 1513 ministrum
1205 1437 1256 1530 le-

183 1556 288 1642 rebat,
315 1557 502 1627 constituto
521 1559 620 1647 etiam
650 1559 714 1628 haic
735 1560 770 1627 in
791 1559 882 1650 „urbe
910 1557 1061 1653 oraculo,
1095 1559 1138 1628 ad
1164 1560 1257 1653 quod

184 1671 413 1768 Papltlagooes
442 1689 626 1769 gentesque
657 1654 808 1743 finitima>
839 1676 974 1769 ingente
1006 1700 1145 1743 numero
1174 1701 1260 1746 con-

185 1787 323 1874 fluxdre,
344 1789 423 1882 ipsis
437 1790 537 1857 etiam
554 1792 713 1858 Romanis
728 1790 846 1858 fraude
868 1788 1056 1882 involutis(
1082 1790 1108 1883 )

214 1905 312 1988 ‘Haec
339 1902 380 1969 de
406 1902 532 1997 templo
551 1919 585 1985 et
606 1902 756 1977 oraculo.
784 1905 895 1996 Hujus
920 1918 1032 1972 autern
1056 1904 1171 1997 oppidi
1198 1930 1258 1973 ex·

184 2006 274 2093 stant
292 2008 544 2086 Abons'ts'cliens
563 2032 597 2086 et
616 2017 824 2114 lanopoleos
840 2018 946 2085 nunni.

189 2103 206 2209 ξ,
235 2128 494 2214 Aboni-ticheos
512 2132 649 2200 nornine
670 2146 802 2200 exstant
819 2155 897 2201 eum
920 2133 1027 2225 capite
1048 2133 1210 2201 Antonini
1225 2147 1258 2200 et

186 2246 233 2312 M.
255 2243 397 2314 Aurelii.-

234 2369 466 2466 Eprgraplre:
495 2375 893 2461 AanNOTEthlToN.

235 2486 372 2578 Typus:
400 2490 549 2582 Serpens
571 2487 610 2555 in
633 2489 752 2582 spiras
780 2501 930 2587 erectus⁸
945 2489 1061 2582 eapite
1087 2484 1258 2572 lamone,

187 2603 283 2701 lnsra
298 2630 402 2706 quern
418 2611 456 2678 in
471 2608 651 2679 nonnullis
670 2611 840 2706 scriptum
861 2612 1049 2692 ΓΛΥΚΩΝ,
1073 2608 1124 2678 nd
1144 2609 1261 2679 hexa-

187 2720 430 2813 metrifidem,
457 2723 554 2821 qnod
571 2726 746 2794 lucianus
766 2726 942 2795 servavit:

190 2852 194 2892 ῗ
241 2847 316 2940 Εἰμὶ
334 2836 528 2937 ΓΛῨΚΩΝ,·
543 2850 646 2944 τρίτον
661 2847 738 2941 αἷμα
756 2852 835 2934 Διὸς,
850 2853 925 2941 φάος
942 2852 1137 2943 ἀνθρώποισι.

240 2951 475 3055 Coinpositum
494 2963 584 3031 istud
603 2977 673 3030 erat
693 2950 736 3029 ab
755 2962 946 3030 Alexandro
965 2963 997 3028 in
1015 2961 1174 3056 Glyconis
1188 2986 1259 3030 ser·

190 3077 301 3168 pentis
329 3079 380 3144 sui
414 3077 580 3170 gratiam,
606 3091 642 3143 nt
669 3077 816 3145 attonito
844 3073 971 3170 populo
998 3074 1098 3144 fidem
1124 3076 1260 3161 faceret.

189 3193 339 3260 Persona
352 3191 473 3284 eapitis
489 3188 629 3260 hnmani
654 3191 800 3283 serpenti
826 3190 941 3262 addita
957 3193 1111 3285 opposite
1130 3192 1172 3261 ad
1192 3207 1260 3261 tes-

191 3304 371 3374 timoninm
394 3307 554 3391 Luciani,
577 3306 635 3399 qui
660 3303 746 3394 illud
770 3330 788 3374 e
814 3306 912 3401 pictis
938 3303 1048 3374 linteis
1068 3305 1260 3376 confectum

190 3418 295 3490 tuisse
312 3421 353 3490 ab
368 3421 552 3518 impostooe
573 3420 715 3516 narrat(
740 3422 767 3517 ]

237 3535 451 3629 darn,qui1m
478 3535 700 3605 Themistinm
725 3537 759 3604 in
783 3536 1002 3608 Abonuticho
1026 3533 1262 3630 Paphlagoniae

192 3651 274 3718 urbe
296 3664 465 3719 versatum
483 3650 653 3745 quondam
671 3666 703 3718 et
718 3652 907 3720 orationem
930 3650 1051 3719 dixisse
1070 3676 1132 3744 pro
1147 3648 1269 3742 explo-'

233 3896 271 3972 (ι)
295 3897 366 3974 Peg.
380 3916 429 3968 72,
447 3900 484 3954 80
496 3918 558 3975 sqq.
1069 3979 1072 3983 Ι

233 3992 274 4069 (a)
296 3993 340 4052 Ex
358 3993 477 4055 Ecthet.
502 3997 635 4052 Doctrina
657 4017 820 4064 numerum,
845 3997 881 4069 ΙΙ,
902 4016 931 4072 p.
946 3995 1019 4068 384,
1037 4013 1123 4071 quem
1142 3994 1219 4064 vide,
1238 3997 1261 4051 si

193 4089 284 4160 lubet,
297 4090 333 4148 de
345 4092 439 4148 onmis
451 4095 615 4166 Ionopoleos
627 4094 754 4168 nomine,
767 4093 844 4149 etde
858 4096 942 4150 eausa
959 4091 1059 4149 mutati
1074 4091 1207 4149 nominis.
