2752 4688
565 383 742 452 ..33-

123 535 286 633 αἰιυρεῖται.
303 538 365 605 Καὶ
384 547 439 617 τῆς
450 539 504 630 μὲν
518 545 604 630 ἡμεῖς
619 537 715 634 κύριοί
729 565 763 606 τι
777 539 829 606 καὶ
842 539 1075 633 αὐτοκράτορες,
1091 537 1190 610 καὶτὸ

122 659 153 728 εὖ
179 661 318 740 ἢκακῶς
340 666 411 754 παρ’
440 665 522 754 ἡμᾶς
549 662 600 730 ἐπὶ
625 664 743 740 ταύτης
772 663 858 731 ἐστί·
888 666 943 736 την
974 658 1009 732 δὲ
1032 665 1191 756 ἐνείμαντο

122 784 243 863 πλείους
270 783 479 876 ἡγεμονίαι...
504 783 559 851 Διὰ
579 797 683 853 ταῦτα
700 785 797 854 τοίνυν
821 786 870 854 ἐπὶ
890 787 943 878 μὲν
967 796 1007 879 τῇ
1029 786 1095 882 νίκη
1117 792 1191 869 τέως

121 907 195 1002 ἦγον
209 913 266 984 τὴν
281 909 423 1001 ἡσυχίαν,
441 901 481 974 δι’
495 906 530 986 ἦς
547 909 742 986 κατέστησας
758 911 811 977 τὸν
823 912 926 1002 πρώην
941 919 1088 1002 χειμῶνα,
1103 903 1193 991 εἰδὼς

122 1031 172 1096 ὅτι
190 1028 300 1098 πολλοὶ
314 1041 375 1096 τῶν
395 1029 524 1097 ἐπαίνων
544 1033 662 1097 τούτων
678 1024 915 1123 ἀμφισῖητοῢσι.
936 1031 1039 1125 Χωρὶς
1059 1031 1117 1127 γὰρ
1137 1045 1193 1115 τῆς

122 1147 227 1230 ἔξωθεν
247 1150 300 1220 καὶ
317 1145 557 1246 δαιμονιωτέρας
576 1151 685 1233 αἰτίας,
707 1155 725 1230 ἢ
749 1150 791 1221 τὰ
808 1150 911 1221 πολλὰ
926 1152 982 1232 τὰς
999 1158 1029 1221 ἐν
1052 1164 1116 1236 τοῖς
1135 1184 1195 1225 πο·

119 1278 224 1368 λέμοις
241 1273 358 1370 τροποῖς
379 1277 570 1363 ταλαντείει,
584 1281 617 1343 οὐ
639 1277 729 1369 μόνον
744 1276 874 1371 λοχαγοὶ
887 1276 943 1344 καὶ.
952 1281 1122 1373 στρατηγοὶ
1141 1284 1193 1348 καὶ

122 1395 294 1495 ταξίαρχοι,
308 1399 388 1468 αλλὰ
403 1401 454 1468 καὶ
477 1409 538 1469 τῶν
560 1407 694 1475 ὁπλιτῶν
716 1405 846 1480 ἕκαστος
864 1403 990 1469 καὶτῶν
1012 1403 1127 1472 ἱππέων
1143 1405 1193 1472 καὶ

122 1517 329 1615 σφενδονήτης
346 1522 398 1592 καὶ
419 1519 556 1610 τοξότης,
582 1531 794 1616 μεταποιεῖται
813 1535 868 1605 τῆς
887 1528 937 1594 ἐπὶ
962 1537 1003 1620 τῇ
1024 1529 1090 1603 νίκη
1110 1535 1194 1620 φιλο-

122 1648 277 1739 τιμίας...
301 1649 385 1739 Πρὸς
403 1646 437 1715 τί
454 1646 553 1714 τοίνυν
576 1644 732 1740 ἀρεώρὼν,
751 1648 804 1715 καὶ
823 1654 908 1716 ποῖον
933 1650 1019 1743 ἔργον
1043 1644 1192 1744 ἐκαραδό·

120 1797 204 1855 κουν,
225 1768 346 1863 ὂμόνου
367 1781 421 1838 σοῦ
437 1771 489 1838 καὶ
507 1767 643 1863 μαίλιστα
661 1780 714 1837 σοῦ
735 1770 788 1838 καὶ
811 1762 932 1850 οὐδενὸς
950 1775 1055 1866 ἑτέρου
1074 1780 1190 1867 μᾶλλον

122 1895 230 1980 ἢσοῦς
252 1895 303 1962 καὶ
322 1894 425 1974 ποίους
447 1893 586 1972 ἐπαίνους
606 1886 797 1987 διενοούμην,
815 1904 855 1974 ὡς
881 1896 927 1965 σοὶ
948 1898 1031 1989 μόνῳ
1052 1903 1193 1990 φαινομέ·

122 2043 190 2096 νους
206 2022 434 2112 προςηκοντας,
448 2019 520 2112 πρὸς
534 2018 583 2097 οὓς
599 2022 633 2086 οὐ
648 2010 699 2085 δεῖ
711 2044 759 2091 σοι
777 2030 832 2096 τῆς
852 2021 1025 2115 φάλαγγος,
1038 2013 1109 2089 οὐδὲ
1128 2033 1191 2089 τῶν

101 2205 103 2207 ,
120 2142 250 2227 ἱππίων,
271 2135 354 2228 οὐδὲ,
368 2144 418 2209 ναὶ
435 2139 479 2234 μὰ
494 2141 565 2227 Δία,
576 2134 642 2208 τῶν
665 2135 852 2235 δορυφόρων,
869 2143 920 2210 καὶ
936 2137 1059 2237 ἐξαρκεῖ
1068 2148 1192 2238 προελέι·

120 2265 191 2331 σθαι
208 2265 260 2332 καὶ
284 2265 478 2349 βουληθῆναι.
505 2267 552 2331 Οὐ
574 2263 633 2358 γάρ
656 2268 723 2330 ἐστι
741 2272 847 2357 χειρῶν
864 2265 950 2358 ἔργον
968 2267 1190 2360 φιλανθρωπία,

121 2387 202 2454 ἀλλὰ
213 2389 305 2480 μόνης
315 2367 500 2483 τῆςὴγνώμης
514 2399 570 2456 τοῦ
584 2414 640 2462 την
1126 2380 1140 2480 (
1165 2381 1189 2478 ).

170 2496 235 2570 Hic
254 2499 357 2570 habes
379 2499 590 2569 manifestam
614 2500 813 2569 Latinorum
840 2500 1080 2587 imitationem,
1103 2527 1190 2596 quo-

120 2639 197 2683 rum
207 2631 365 2709 praeterea
377 2615 432 2682 vix
447 2613 653 2683 mentionem
669 2617 790 2683 Noster
803 2613 950 2708 aliquam
965 2615 1058 2685 facit.
1072 2616 1189 2705 Quium

120 2725 221 2820 paulo
241 2729 326 2797 infra
347 2727 401 2822 (α)
427 2729 592 2822 insignem
611 2729 751 2798 Caesaris
774 2729 852 2822 ergit
879 2731 1100 2822 Pompeianos
1122 2730 1190 2800 ole-

119 2844 281 2910 mentiam
299 2856 560 2930 commemoret,
588 2841 873 2925 obversabantur,
902 2841 1053 2930 credam,
1075 2846 1189 2915 animo

119 2942 284 3052 praeclara
295 2954 351 3024 illa
366 2955 466 3025 Tullii
482 2980 544 3050 pro
560 2954 719 3025 Marcello
736 2954 837 3025 verba
852 2982 860 3024 x
873 2986 890 3016 α
905 2955 1041 3027 Nullius
1055 2972 1188 3028 tantum

119 3085 171 3140 est
189 3071 315 3139 llumen
342 3071 488 3164 ingenii,
512 3068 638 3140 nullius
663 3068 797 3139 dicendi
816 3085 876 3139 aut
900 3071 1069 3140 scribendi
1096 3088 1189 3144 tanta

118 3190 181 3274 vis,
199 3201 294 3257 tanta
311 3189 427 3281 copia,
443 3211 518 3277 quae
535 3211 602 3256 non
621 3186 729 3257 dicam
743 3211 923 3273 exornare,
937 3186 994 3257 sed
1010 3212 1185 3276 enarrare,

117 3303 159 3373 C.
182 3306 304 3388 Caesar,
322 3327 375 3371 res
392 3317 467 3370 tuas
488 3315 596 3396 gestas
616 3301 730 3396 possit.
753 3304 882 3371 Tamen
907 3301 1051 3390 affirmo,
1070 3317 1105 3372 et
1122 3304 1188 3372 hoo

116 3439 199 3511 pace
224 3414 331 3483 dicam
358 3415 434 3503 tua,
462 3412 587 3484 nullam
613 3415 648 3482 in
670 3412 724 3483 his
743 3439 813 3484 esse
832 3413 966 3485 laudem
987 3414 1185 3510 ampliorem

116 3533 167 3619 eei,
185 3555 287 3624 quam
305 3529 472 3599 hodierno
491 3528 545 3598 die
560 3543 759 3599 consecutus
771 3555 841 3600 es...
860 3532 947 3600 Nam
961 3529 1098 3600 bellicas
1113 3531 1186 3601 lau·

114 3646 176 3714 des
199 3643 311 3715 solent
338 3643 475 3738 quidam
504 3659 684 3714 extenuare
710 3643 841 3729 verbis,
863 3669 985 3740 easque
1011 3645 1186 3716 detrahere

116 3760 279 3849 ducibus,
306 3760 554 3830 communicare
570 3784 647 3829 rum
670 3756 795 3847 multis,
816 3784 858 3828 ne
875 3761 1021 3855 propriae
1040 3761 1185 3830 sintim·
1264 3758 1271 3815 ἶ

157 4013 166 4092 [
173 4012 199 4089 1)
220 4015 304 4071 Orat.
322 4009 386 4087 Vll,
400 4032 427 4090 p.
441 4015 487 4080 84.

155 4108 197 4185 (τ)
219 4109 313 4185 thid„
327 4131 354 4188 p.
368 4104 416 4186 96.
