2752 4688
631 401 807 461 ..30-

188 545 244 612 ααὶ
261 537 427 613 ὑποδύεται
446 547 711 637 μεγαλοπρέπειαν
732 541 917 636 μαγγανεία,
931 541 982 607 καὶ
1002 537 1154 615 caradrion
1174 544 1268 637 ἀγυρ»

192 669 272 753 τοία,
289 668 340 737 καὶ
359 658 413 736 ht
428 678 525 736 τοῦτο
541 666 602 746 τὰς
619 664 828 760 μὲνπροαίγει,
848 662 905 744 τὰς
924 655 960 732 δὲ
975 667 1083 733 κωλύει
1099 661 1268 762 (absorpti-

192 781 283 886 παρ),
300 793 352 860 καὶ
380 789 446 886 ίορὰ
469 789 600 886 ἀνοίγων
616 788 771 859 ἀποκλείει
796 794 1059 884 μαγγανεοτοίριπ,
1085 789 1138 857 καὶ
1158 790 1267 871 θυσίας

192 916 338 1008 Ιεοόμοος
351 914 448 1006 ἀφιεὶς
467 918 500 983 od
520 907 646 982 δίδωσιν
664 905 771 981 ἄδειαν
791 920 854 991 τοῖς
868 915 1065 1007 pancadensis
1084 903 1099 1005 (
1122 900 1149 1003 l.

240 1031 319 1098 Hoec
332 1043 381 1096 est
396 1027 572 1098 decantata
586 1025 643 1096 illa
657 1025 832 1095 Themistii
843 1023 1129 1124 cle-religionibus
1141 1026 1266 1112 oratio,

189 1143 290 1238 cujus
308 1145 515 1213 mentionem
533 1142 715 1212 doctissimi
737 1142 918 1237 scriptores
942 1140 1076 1229 lecturi,
1095 1140 1190 1211 haud
1212 1142 1266 1210 in·

192 1259 311 1356 rellig'o
324 1282 387 1330 cur
401 1259 557 1353 genuine
568 1272 602 1329 et
620 1257 781 1352 legitimae
792 1255 892 1350 proli,
907 1255 1130 1326 adulterinam
1151 1257 1268 1327 nendo

189 1388 337 1468 <manet
352 1371 563 1443 subdititiam
584 1371 823 1467 praetulerint(
849 1371 875 1465 ).

683 1663 763 1755 §r

237 1924 467 2018 Pervestigatd
495 1924 602 2018 igitur
627 1923 807 1992 Themistii
838 1926 906 1994 vitri
926 1932 960 1994 et
982 1924 1102 2022 agendi
1119 1928 1262 2010 ratione,

188 2039 300 2134 (liceat
315 2039 462 2132 imagine
484 2039 533 2106 uti
556 2063 665 2107 meam
691 2039 899 2109 commodihs
917 2042 1120 2110 sententiam
1145 2044 1264 2136 expri-

188 2155 315 2248 mente)
330 2153 543 2250 philosophia
565 2152 661 2240 mihi,
677 2153 845 2248 placabile
864 2181 1004 2240 numen,-
1022 2158 1088 2225 sub
1101 2158 1165 2224 viri
1181 2183 1261 2252 per·
1317 2210 1321 2215 .

189 2273 284 2357 soni,
294 2269 552 2363 imperatoribps
561 2268 725 2337 adstitisse
738 2269 882 2355 videtur,
892 2271 990 2364 cujus
999 2285 1084 2340 esset
1098 2272 1262 2356 officium,

188 2401 299 2454 truces
319 2384 438 2477 saepius
450 2383 580 2450 animos
594 2381 762 2451 lenissimd
781 2409 862 2453 voce
881 2384 1018 2454 llectere
1038 2400 1071 2454 et
1090 2388 1259 2482 mitigare,

188 2502 313 2569 irarum
345 2499 496 2568 flammas
518 2500 706 2592 consopire,
734 2499 776 2567 ad
803 2499 971 2569 horrenda
988 2501 1156 2595 ‘supplicia
1182 2528 1261 2596 pro-

188 2615 340 2686 nissimas
352 2628 480 2683 mentes
500 2611 669 2685 cohibere.
682 2613 744 2683 llle
763 2612 904 2685 humani
924 2618 1068 2709 generis,
1083 2614 1177 2686 omni
1191 2618 1261 2688 ferd

183 2733 375 2827 ‚patrocinio
398 2729 563 2816 destituti,
580 2729 671 2823 apud
691 2729 919 2799 formidabiles
945 2730 1099 2813 dominos
1124 2757 1259 2804 causam

184 2845 371 2915 indefessus
393 2846 481 2938 egit3
516 2847 614 2914 caute
642 2845 822 2942 nimirhm,
852 2846 1076 2940 omnibusque
1099 2848 1259 2919 adhibitis

183 2962 268 3032 artis
289 2975 324 3028 et
348 2960 509 3029 doctrinae
536 2958 763 3047 adminiculis,
789 2985 832 3029 ne
855 2962 1108 3056 superbissimas
1129 2978 1259 3034 mentes

183 3075 388 3159 offenderet,
413 3072 576 3143 ariditoris
597 3070 732 3144 verbio
753 3077 925 3166 animum,
949 3077 1120 3146 conciliati
1134 3077 1206 3170 jam
1224 3094 1260 3148 et

185 3188 359 3285 voluptate
375 3186 491 3276 illecti,
509 3185 738 3257 liberalissima
751 3207 917 3287 praecepta
935 3188 1138 3261 demitteret.
1157 3193 1260 3262 Haud
1344 3254 1346 3259 .

184 3304 321 3375 defudre
340 3318 451 3373 tamen
479 3300 552 3372 illas
572 3305 631 3397 qui
654 3303 835 3377 blanditias
861 3308 982 3376 acriter
1004 3307 1258 3404 impugnavere,

185 3418 318 3510 pariant,
331 3433 369 3486 ut
383 3416 467 3487 mihi
483 3417 724 3507 videorracutd
738 3418 804 3511 (3),

225 3622 535 3699 emmane
1143 3663 1145 3667 ι

225 3719 266 3802 (a)
289 3721 333 3779 tte
346 3718 402 3777 ina
416 3719 556 3780 Oratione
567 3719 632 3791 llll,
649 3719 704 3778 sub
717 3721 994 3780 nomineTheuistii
1007 3721 1096 3779 latine
1108 3719 1195 3791 edita
1211 3721 1257 3780 vi-

185 3815 388 3894 desispraelat.
402 3816 503 3875 Petav.
525 3828 554 3872 et
568 3836 634 3894 quae
648 3815 914 3895 disceptaverunt
930 3817 1056 3895 inclytus
1070 3830 1103 3875 et
1120 3817 1256 3876 doctissi-

184 3933 269 3984 mus,
289 3914 318 3972 J.
334 3914 366 3969 V.
384 3913 424 3972 te
437 3911 533 3981 Claro,
551 3913 724 3990 Biograpdie
736 3899 910 3983 uniuerselld,
927 3929 982 3974 art.
1000 3917 1187 3984 Themiscius5
1204 3916 1255 3992 qui

182 4010 318 4068 eximiam
334 4007 381 4066 hic
395 4009 494 4068 Nostri
509 4010 653 4085 expressit
666 4010 831 4088 imaginem.

225 4108 263 4183 (3)
285 4104 415 4178 (iibbon,
430 4110 504 4163 Hist.
518 4107 553 4162 dc
560 4110 591 4162 la
599 4109 697 4164 decad.
710 4111 746 4164 de
762 4111 864 4188 l'llmp.
877 4116 999 4182 romain,
1015 4110 1066 4180 ΙΙΙ,
1080 4129 1109 4186 p.
1126 4111 1173 4182 43,
1190 4109 1253 4165 118.
