2752 4688
218 823 327 892 Miror
343 823 510 916 equidem,
527 849 586 892 neo
603 824 673 918 jam
691 814 770 893 satis
783 821 986 892 elucidatum
1002 824 1123 912 habeo,
1135 825 1246 920 quirin

168 935 380 1007 Tbeodosius
398 935 557 1008 adversirs
575 936 735 1008 falsorum
752 940 930 1008 numinum
951 938 1100 1009 fautores
1113 938 1244 1011 bellurn

84 1093 86 1097 ,
169 1048 250 1119 illud
271 1051 341 1146 jim
363 1051 551 1138 indixisset,
573 1052 677 1148 quod,
699 1051 816 1123 saltem
837 1054 872 1121 in
889 1053 1042 1142 Oriente,
1070 1052 1243 1125 idolorum

166 1166 294 1237 cultum
311 1169 406 1265 paene
424 1168 576 1238 funditirs
587 1170 724 1255 eruerit,
738 1167 827 1263 apud
846 1168 940 1238 illum
957 1182 1070 1238 tamen
1088 1170 1243 1242 Themis-

166 1282 265 1368 tium,
283 1285 403 1352 veteris
421 1281 605 1379 discipiinae
616 1282 707 1352 haud
719 1281 876 1376 ambigue
890 1297 1053 1366 tenacem,
1068 1309 1136 1352 non
1152 1286 1242 1356 infe·

166 1396 248 1465 riori
271 1399 379 1491 gratiis
404 1399 505 1493 quarn
538 1399 682 1467 Arianos
706 1398 796 1492 apud
825 1398 1046 1492 imperatores
1075 1398 1239 1472 floruisse.

164 1515 267 1581 Estne
290 1512 540 1593 arbitrandum,
568 1513 820 1607 ingravescente
842 1527 951 1602 aetate,
973 1515 1084 1583 virum
1104 1529 1139 1583 et
1157 1540 1241 1611 grae·

151 1650 241 1717 ⁸cum
258 1642 291 1696 et
305 1627 501 1723 sophistam,
516 1627 558 1696 de
576 1626 742 1696 sententiis
762 1625 881 1696 leviter
897 1626 1079 1714 deflexisse,
1099 1644 1133 1700 et
1149 1633 1242 1726 regis

160 1741 206 1829 ad
224 1740 405 1836 exemplar,
429 1756 466 1810 ut
481 1740 577 1827 solet,
601 1766 671 1810 sese
691 1743 939 1836 composuisse?
957 1767 1012 1829 an,
1039 1744 1131 1838 quod
1152 1747 1238 1836 veri,

163 1855 298 1949 opinor,
319 1872 369 1924 est
386 1853 539 1941 similius,
563 1850 681 1923 multis
694 1854 854 1948 majorem
879 1854 921 1923 de
940 1854 1103 1950 eligendis
1124 1857 1241 1936 sacris,

164 1967 215 2037 vel
232 1969 305 2062 ipso
317 1970 380 2038 sub
395 1969 597 2055 Theodosio,
616 1970 810 2062 permissam
828 1968 929 2041 fuisse
944 1971 1082 2065 paganis
1098 1969 1239 2062 liberta

164 2098 244 2168 tem,
267 2084 368 2176 quim
391 2084 506 2181 posteri
533 2083 775 2168 existimavere,
802 2097 836 2152 et
863 2085 897 2152 in
919 2085 1068 2154 historiis
1092 2083 1240 2154 retulere

163 2200 342 2292 scriptores
360 2196 592 2286 ecclesiastici,
607 2222 753 2291 quorum
766 2197 857 2267 haud
872 2198 972 2267 semel
991 2198 1172 2293 prudentia
1181 2199 1242 2267 de·

164 2310 331 2381 sideratur
354 2311 432 2407 (ι).θ
451 2307 619 2399 Profecti),
643 2311 698 2381 ille
712 2337 781 2380 non
804 2311 936 2382 dubitat
952 2312 1144 2384 Theodosio
1162 2338 1239 2408 gra·

165 2425 279 2512 tutari,
298 2423 393 2520 qudd
406 2428 546 2522 egregiae
559 2427 694 2496 cuidam
715 2428 925 2521 Assyriorum
945 2429 1118 2496 sententiae
1137 2428 1237 2499 iidem

163 2547 323 2620 adhibeat
355 2578 362 2620 :
393 2556 440 2619 ot
466 2545 522 2620 δύο
548 2552 630 2620 πίθοι
655 2551 858 2620 κατακείαται
883 2555 912 2619 ἐν
933 2563 979 2641 τῷ
1003 2563 1060 2621 τοῦ
1089 2555 1239 2641 βασιλέως

165 2666 288 2767 ἐθοίφει,
315 2679 411 2768 ὥςπερ
432 2672 468 2741 αὖ
487 2677 570 2768 λέγει
591 2656 726 2766 ὅμηρος·
753 2677 874 2760 βασιλεῖ
892 2667 926 2743 di
948 2681 1002 2744 οὐκ
1027 2677 1091 2744 ἔστι
1115 2676 1239 2756 nitore

166 2808 222 2866 τοῦ
234 2798 376 2883 θανάτου,
389 2799 457 2864 ἀλλ’
473 2805 488 2864 ὁ
504 2810 559 2876 τῆς
580 2793 657 2878 ζωῆς
674 2797 778 2889 μόνον,
798 2800 910 2891 μεστὸς
922 2798 968 2866 ἀεὶ
987 2799 1038 2867 καὶ
1050 2803 1241 2894 ὑπερχειλὴς,

166 2914 199 2999 ἐξ
232 2920 266 2988 οὗ
294 2919 428 3014 ἄκρατον
463 2923 558 2995 αὐτὴν
589 2922 714 3016 εἰρύεται
740 2921 793 2989 καὶ
812 2929 941 3015 χορηγεῖ
965 2930 1029 3003 τοῖς
1057 2924 1239 3018 ἀνθρώποις,

167 3041 357 3112 [leniorem
375 3028 433 3138 γὰρ
458 3039 490 3110 εὖ
508 3054 604 3110 ποιῶν
623 3056 668 3132 τῷ
680 3045 768 3138 λόγῳ
788 3055 843 3112 τοῦ
858 3034 1024 3140 Ᾱοοορίοο,
1046 3045 1078 3125 ὃς
1096 3049 1156 3126 τὴνΙ
1168 3072 1242 3140 καρψ

168 3159 237 3234 δίαν
266 3176 321 3234 τοῦ
337 3168 486 3251 βασιλέως
500 3167 582 3260 λέγει
591 3169 620 3233 ἐν
632 3177 671 3260 τῇ
684 3177 739 3234 τοῦ
754 3169 820 3235 θεοῦ
841 3169 970 3262 παλάμῃ
991 3162 1241 3263 δορυφορεῖσθαι,

167 3292 203 3366 ἢν
226 3295 286 3382 οὐχ
309 3285 370 3358 οἷόν
397 3315 431 3357 τι
467 3289 627 3383 γράμμασι
654 3289 875 3385 θανατηφόροις
910 3297 1021 3368 ἑαυτὴν
1059 3284 1241 3362 ουνεπιθοῦ·

210 3564 248 3640 (ι)
262 3566 383 3621 Αιιοιιιιε
399 3563 437 3621 toi
449 3562 618 3641 n'obiigeait
634 3583 740 3622 encore
757 3565 797 3622 ies
816 3564 917 3642 paiens
932 3567 948 3622 a
961 3563 1079 3642 abjuret
1094 3564 1158 3623 leur
1169 3566 1244 3646 reli-

169 3661 249 3740 gion,
261 3665 278 3717 a
290 3660 421 3718 recevoir
437 3661 464 3717 le
480 3659 662 3738 baptdme,a
679 3660 750 3720 faire
764 3661 816 3720 des
832 3673 910 3720 actes
933 3681 968 3720 en
986 3662 1155 3740 opposition
1169 3681 1244 3722 avec

169 3758 247 3816 leurs
257 3757 440 3831 sentiments3
451 3776 567 3835 pourvu
579 3757 661 3835 qu'ils
678 3777 715 3815 ne
731 3759 857 3836 prissent
874 3772 940 3838 part
957 3761 1082 3817 daucun
1103 3771 1167 3817 acte
1184 3759 1244 3818 d’i-

170 3853 304 3926 dolatrie,
320 3853 397 3911 leurs
410 3872 567 3930 croyances
582 3873 710 3911 connues
726 3875 762 3911 ne
778 3855 817 3914 les
840 3855 1011 3933 exposaient
1025 3859 1148 3914 daucun
1170 3855 1246 3915 ohd-

170 3952 284 4021 timent,
306 3970 342 4008 ne
367 3951 407 4009 les
428 3951 590 4008 excluaient
611 3949 734 4009 d'aucun
754 3951 844 4010 droit.
862 3951 1002 4031 (Chastel,
1018 3958 1139 4012 Histoire
1156 3956 1194 4012 de
1213 3956 1246 4012 ia

169 4049 327 4110 ddcadcncc
338 4049 376 4102 du
385 4052 553 4123 paganismo
565 4069 598 4104 err
615 4051 724 4117 Orient,
741 4069 768 4125 p.
782 4049 858 4123 204.)
