2752 4688
590 367 768 427 ..52-

150 500 261 575 δεῖκαὶ
279 514 349 598 ἡμῖν
364 498 415 572 διὰ
428 512 489 570 τῶν
506 497 566 578 ἤδη
584 484 807 598 ἦροηλωκότων
820 508 914 596 φίλων
934 510 1004 585 τοὺς
1024 511 1110 575 οὔπω
1129 512 1221 585 τεθη-

151 632 345 722 ρεὺμένους...
365 654 395 697 κ.
409 653 442 694 τ.
458 632 492 692 λ.
513 615 581 719 (1).
602 615 734 721 Ομιλίαν
754 627 898 721 aliquam
917 627 1027 723 legere
1043 631 1105 698 tibi
1125 631 1220 701 vide·

148 743 213 829 ris,
232 743 304 810 'sive
323 741 533 828 concionem,
555 739 668 832 quales
683 741 806 811 habere
821 740 928 811 solent
948 745 1033 812 sacri
1053 759 1218 816 oratores.

148 859 197 925 Ne
212 854 387 950 presentia
397 853 537 947 quidem
551 856 768 950 Imperatoris
778 856 986 926 desideratur
999 857 1069 954 (2);
1080 859 1174 928 adest
1187 861 1220 928 in

148 972 303 1040 oratione
320 967 459 1038 ineunte
482 968 525 1037 ad
539 970 727 1038 Minervam
751 972 919 1041 invocatio
937 973 1001 1067 (3).
1025 973 1127 1042 Haud
1145 999 1218 1045 eam

148 1095 260 1154 tamen
284 1082 541 1154 similitudinem
561 1083 654 1171 dico,
674 1108 749 1179 quae
772 1112 873 1155 omne
895 1086 992 1156 tollat
1020 1089 1215 1160 discrimen.

147 1204 257 1278 Immo
274 1229 412 1302 prorsus
431 1203 489 1276 illa
504 1193 696 1302 marsupia
721 1209 828 1301 sapit3
854 1223 956 1303 atque
982 1207 1040 1280 hic
1066 1207 1134 1281 illic
1162 1213 1220 1282 de·

148 1322 334 1417 prehendas
357 1319 512 1388 nonnihil
530 1322 740 1414 argutiarum
759 1321 954 1417 Sophistico
974 1326 1218 1395 insitarumin-

149 1438 260 1532 genio.
277 1439 357 1508 Uno
370 1435 493 1521 verbo,
502 1431 625 1530 socies
643 1460 717 1505 non
736 1433 877 1505 omnini)
896 1463 988 1525 una,

247 1597 307 1657 Nec
324 1594 439 1654 diversa
453 1608 559 1664 tamen,
579 1595 694 1671 qualem
708 1596 793 1655 decet
806 1616 869 1656 esse
883 1616 1028 1655 sororum.

644 1779 718 1874 55.

197 1988 277 2055 Haec
292 1985 333 2053 de
353 1983 539 2053 Themistio
558 1981 665 2052 multa
682 2008 744 2052 nec
761 1983 945 2077 injucunda
964 1987 1066 2076 operat
1083 1984 1218 2078 collegi,

148 2117 186 2171 ut
205 2099 270 2170 viri
298 2100 488 2170 constantia
513 2101 550 2168 in
573 2099 745 2168 communi
769 2101 941 2184 servitute,
967 2097 1158 2168 litterarum
1182 2101 1215 2167 in

147 2232 268 2287 occasu
279 2237 367 2285 nova
379 2214 544 2299 doctrina,
562 2238 647 2308 pura
664 2227 698 2282 et
709 2214 839 2282 sincera
855 2213 1007 2308 magistri
1025 2212 1216 2307 eloquentia

147 2329 417 2400 adumbraretur.
435 2329 602 2423 Equidem
617 2327 781 2398 orationis
799 2327 905 2420 quiun
920 2329 1096 2397 sanitatem
1109 2329 1217 2397 consi·
1253 2341 1258 2351 ’

147 2445 312 2534 durarem,
326 2443 527 2512 eruditionis
540 2444 685 2538 copiam,
702 2444 771 2512 vim
786 2443 1029 2527 sententiarum
1049 2457 1085 2510 et
1106 2442 1216 2536 gravi·

149 2572 271 2646 tatem,
287 2558 420 2653 integro
439 2557 474 2626 in
493 2557 636 2651 imperio
668 2558 800 2652 integra
824 2557 906 2625 mihi
931 2557 1109 2626 videbatur
1138 2559 1217 2627 sub·

148 2675 265 2744 sistere
307 2676 446 2744 Graeciae
485 2675 607 2744 veteris
635 2673 799 2768 elegantia
832 2673 1119 2759 etfl1umanitas3
1156 2699 1216 2742 nec

148 2789 390 2864 obversabatur
398 2789 511 2857 animo
525 2803 659 2857 tumens
671 2787 834 2856 barbariae
844 2789 980 2872 fluctus,
993 2813 1054 2856 nec
1064 2787 1216 2856 luctuosa

148 2905 259 2991 ruina,
270 2927 345 2997 quae
354 2902 480 2972 labanti
492 2907 650 3003 Romanae
660 2904 803 2980 ditionis
815 2901 896 2972 moli
910 2905 1051 2999 propior
1067 2906 1104 2972 in
1126 2904 1217 2972 dietn

150 3017 358 3086 imminebat.
1128 3040 1130 3045 ·

195 3134 250 3202 De
262 3146 374 3201 morte
387 3130 435 3200 nil
446 3135 601 3204 rescitur.
615 3136 690 3202 Non
702 3134 773 3202 veri
787 3148 838 3202 est
850 3132 969 3221 simile,
980 3132 1216 3219 Themistium,

147 3245 255 3342 quiam
271 3272 302 3318 a.
322 3243 393 3318 385
415 3248 457 3316 de
478 3248 592 3318 effoeti
610 3263 782 3318 senectute
805 3264 1004 3342 quereretur
1025 3246 1092 3342 (lq),
1111 3272 1219 3341 usque

147 3354 190 3431 ad
203 3361 334 3457 Arcadii
346 3377 498 3458 tempora
515 3378 648 3433 aetatem
669 3342 872 3458 provexisse.
887 3364 1038 3432 Persuasi
1053 3363 1170 3449 simus,
1180 3377 1219 3431 ut

147 3464 257 3564 Remi,
268 3477 394 3572 optimi¹
406 3479 485 3567 viri,
496 3478 597 3548 verba
614 3464 774 3566 referam,¹
791 3479 868 3546 vitae
881 3492 1026 3546 mortem
1042 3492 1221 3547 consenta-

149 3616 248 3661 neam
261 3592 376 3682 fuisse,
397 3594 576 3687 virumque
594 3589 635 3662 'in
658 3593 752 3662 tanti
770 3591 882 3688 'glorial
906 3591 1021 3686 (quam
1049 3589 1145 3659 malis
1164 3615 1220 3659 ar·

185 3777 226 3854 (ι)
247 3778 329 3838 Orat.
345 3778 479 3871 xx11,p,
493 3783 621 3857 aplsqq.

188 3872 231 3951 (a)
253 3875 327 3952 Pag.
343 3875 410 3935 266.
426 3910 439 3944 ·.
522 3935 525 3942 ,

188 3958 233 4050 (Sl
248 3972 318 4050 pag.
333 3973 401 4045 267.

189 4062 231 4145 (l)
252 4064 333 4128 Orat.
350 4061 453 4143 xvllt
469 4091 496 4147 p.
517 4074 584 4145 223,
602 4093 627 4130 c.
