2752 4688
628 366 806 437 ...48-

184 523 265 585 tres;
286 505 381 575 latini
400 505 622 598 grammatici,
638 504 771 592 decem;
787 507 883 598 graeci
900 498 1071 601 sophistae,
1087 499 1258 605 quinque}

185 621 406 717 grammatici,
422 619 634 707 decem3duo
649 621 735 714 juris
747 619 1100 715 professores—Coti.
1123 623 1256 699 Theod.

87 728 93 744 ’
183 734 228 806 dc
249 734 382 806 Studiis
398 733 534 805 liberal.

231 853 340 920 Fuere
352 851 470 944 igitur,
496 849 590 943 quod
603 850 638 917 in
655 851 784 918 summai
802 849 1014 943 publicandae
1032 851 1196 923 doctrinae
1215 854 1258 925 ti-

184 967 313 1036 bertate
331 968 404 1059 ipsa
423 989 475 1034 res
496 963 680 1058 flagitabat,
703 988 770 1032 uon
787 963 921 1057 publica
939 965 1090 1055 tantitm,
1107 968 1167 1037 sed
1189 970 1260 1062 pri·

183 1095 259 1151 vata
276 1104 411 1174 quoque
430 1079 560 1148 theatra
579 1077 791 1167 docentium,
808 1092 847 1146 ut
864 1077 988 1148 diserte
1010 1083 1167 1153 meminit
1186 1087 1258 1154 Eu·

183 1192 322 1287 napius;
358 1189 417 1285 qui
451 1187 590 1282 loquens
616 1186 657 1256 de
689 1188 816 1257 aedibus
847 1188 972 1260 Juliani
1004 1192 1178 1285 sophistae,
1211 1196 1258 1264 ait

181 1302 381 1397 adjunctum
412 1301 514 1371 fuisse
545 1302 716 1370 theatrum
749 1304 968 1397 proportione
1001 1305 1173 1376 domicilio
1202 1333 1257 1378 re·

183 1427 375 1525 spondens,
404 1436 467 1495 τῶν
498 1421 653 1522 δημοσίων
681 1428 813 1524 θεάτρων
837 1428 878 1508 είς
904 1429 1031 1524 μίμησιν
1057 1429 1124 1526 (t)
1146 1436 1257 1503 Inter-

183 1550 265 1619 dhm
285 1548 438 1618 solebant
455 1548 498 1618 ad
518 1543 674 1633 ἐπιδείξεις
694 1549 882 1620 conducere
903 1549 996 1620 aulas
1014 1554 1211 1648 grandiores
1224 1572 1258 1625 et

183 1663 372 1763 paloestras,
390 1679 449 1733 aut
466 1665 485 1733 δ
504 1663 690 1758 magnificis
709 1665 903 1735 hominibus
927 1667 1070 1736 utendas
1090 1671 1253 1764 accipere.

183 1779 436 1873 Nonnunquam
467 1780 502 1847 in
529 1779 600 1872 ipsd
625 1781 719 1848 curiai
750 1777 1009 1851 declamationes
1036 1782 1258 1854 institueban-

184 1908 251 1963 tur.
272 1892 363 1961 ldem
381 1892 413 1959 in
436 1890 568 1985 templis
587 1918 722 1988 quoque
739 1908 772 1961 et
787 1892 932 1964 basilicis
951 1895 1078 1965 factum
1093 1897 1256 1967 Libanius

184 2015 351 2111 significat
368 2041 375 2083 :
395 2004 540 2086 Ἑνταῢθοί
560 2045 612 2111 μοι
628 2020 722 2113 γέρων
739 2046 784 2097 τις
802 2020 985 2112 προςελδὼν,
1001 2013 1089 2089 οὐδὲν
1111 2023 1167 2113 ἔφη
1185 2023 1256 2091 δαυ-

184 2143 304 2233 μαοτδν
323 2136 397 2208 εἶναι
415 2144 456 2233 μὴ
469 2137 500 2208 εὖ
513 2140 663 2234 πράττειν
682 2145 710 2208 ἐν
728 2151 767 2234 τῇ
788 2140 873 2237 κλίνῃ
888 2140 1035 2236 κείμενον.
1057 2147 1254 2213 Πλεονειετεῒν

183 2264 242 2360 γὰρ
262 2258 301 2342 δὴ
323 2267 393 2344 τοὺς
415 2269 444 2331 ἐν
469 2267 552 2359 μέσῳ
576 2263 772 2358 καθημένους·
787 2264 872 2349 ἀλλ’,
890 2266 914 2332 εἰ
931 2266 1046 2351 βούλει,
1069 2268 1138 2360 ἔφη,
1152 2268 1256 2360 μαθεῖν

185 2400 246 2458 τῶν
280 2381 438 2479 διψώντων
467 2389 503 2454 rb
530 2388 664 2467 πλῆθος,
694 2390 825 2479 ὅρμησον
855 2387 905 2457 ἐπὶ
938 2389 969 2456 τὶ
991 2398 1051 2456 τῶν
1077 2391 1162 2484 ἱερῶν
1194 2380 1209 2482 (
1231 2380 1254 2483 l·

184 2512 236 2584 Cf.
254 2538 288 2606 p.
311 2509 391 2595 134.
404 2545 458 2556 -
472 2497 592 2589 Ἐξιόντι
608 2537 660 2605 μοι
669 2519 725 2578 τοῦ
742 2511 956 2604 βουλευτηρίου
976 2511 1058 2606 μετὰ
1073 2517 1145 2591 τοὺς
1157 2513 1257 2583 εἰωθό-

183 2664 240 2716 τας
258 2637 446 2714 πόνους...κ.
460 2660 492 2702 τ.
510 2640 544 2700 λ.
564 2622 579 2726 (
602 2623 629 2726 ).

233 2746 325 2836 Quid
341 2745 497 2842 sophistae
517 2745 697 2815 docuerint
715 2746 749 2813 in
769 2743 907 2829 scholis,
924 2748 1095 2840 quamque
1114 2747 1179 2818 late
1197 2774 1254 2843 pa·

183 2849 287 2929 tuerit
309 2885 426 2928 eorum
451 2859 634 2954 professio,
657 2861 772 2954 paucis
797 2860 920 2952 exponi
950 2861 1087 2954 nequit,
1109 2857 1201 2956 qubd
1220 2864 1254 2931 in

183 2974 322 3043 diversis
337 2973 502 3061 aetatibus,
522 2975 728 3069 regionibus,
753 2975 908 3062 urbibus,
930 2973 1021 3044 haud
1045 2977 1164 3070 exigua
1180 2975 1253 3045 fue·

182 3089 228 3157 rit
247 3113 364 3158 eorum
381 3089 417 3156 in
438 3087 593 3158 docendo
620 3090 774 3158 varietas.
793 3091 846 3161 Ne
868 3088 910 3159 ab
930 3114 1002 3159 aevo
1020 3090 1253 3159 Themistieno

181 3204 348 3293 aberrem,
371 3204 536 3299 insignem
558 3205 718 3299 Gregorii
739 3204 945 3275 Nazianzeui
969 3203 1080 3273 locum
1098 3203 1252 3291 afferam,

181 3318 272 3388 unde
294 3342 443 3416 pronum
461 3319 504 3388 sit
522 3317 711 3415 intelligere
728 3319 810 3413 quid
829 3321 863 3388 in
887 3320 1003 3389 ceteris
1029 3319 1159 3412 imperii
1185 3343 1254 3387 me-

181 3431 368 3528 tropolibus
400 3446 645 3528 praeceptorum
680 3433 804 3502 chorus
837 3430 1009 3528 discipulis
1044 3431 1251 3502 tradiderit:

181 3576 197 3611 a
225 3547 328 3636 Quod
352 3545 534 3641 discipliuae
561 3570 667 3641 genus
693 3560 744 3614 est
770 3547 806 3615 in
833 3571 902 3638 quo
930 3560 1080 3616 versatus
1115 3545 1254 3614 nonsit

182 3659 375 3756 (Basilius);
392 3676 492 3756 atque
525 3662 571 3730 itt
600 3661 721 3730 eximie
741 3677 902 3747 versatus,
935 3661 1031 3754 quasi
1053 3661 1089 3728 in
1115 3685 1154 3730 eo
1178 3657 1252 3728 solo

220 3909 259 3985 (r)
281 3907 325 3968 Cf.
338 3905 402 3965 Lib.
415 3905 451 3964 de
466 3906 530 3964 Vita
544 3926 608 3980 sua,
623 3926 653 3984 p.
665 3925 711 3978 72.
724 3902 862 3981 -lbid.,
873 3925 900 3982 p.
915 3925 964 3976 71.

219 4005 261 4084 (a)
282 4003 413 4064 Docebat
436 4002 575 4061 Libanius
591 4004 621 4062 in
644 4003 741 4075 curia,
767 4001 835 4079 quin
849 4001 1006 4059 Christiani
1027 4000 1166 4078 templum
1180 3999 1252 4056 For·

180 4116 267 4178 tunae,
280 4102 311 4160 in
327 4091 574 4181 quosrhola'autb
589 4101 698 4175 fuerat,
718 4112 938 4176 occupaverant.
955 4097 1000 4158 (ll.
1016 4097 1107 4175 Epist.
1122 4097 1169 4167 86,
1180 4097 1249 4171 996.
