2752 4688
588 392 632 407 —
656 354 697 422 ts
722 394 774 435 -,

148 481 370 567 elaborasset?
391 539 438 552 ·-
460 500 546 588 Quis
577 502 611 568 in
634 499 828 588 rhetorica,
859 498 926 590 itta,
966 502 1117 594 inquam,
1148 504 1213 570 vim

147 611 236 706 ignis
254 615 414 707 spirante,
429 639 505 683 curn
526 640 565 684 eo
580 615 839 711 comparandus,
853 617 985 684 tametsi
1001 614 1091 686 illius
1107 642 1217 687 mores

149 726 167 793 a
192 727 369 797 rhetorum
396 728 546 798 moribus
575 729 795 799 dissiderent?
817 730 903 820 Quis
917 731 950 798 in
968 733 1217 826 grammaticd,

150 862 225 933 quae
251 839 400 936 linguam
425 843 468 912 ad
492 843 694 938 graecitatem
723 843 869 930 format,
894 845 1050 924 historias
1073 843 1215 940 colligit,

152 956 267 1023 metris
284 970 414 1050 praeest,
430 956 633 1026 carminibus
656 955 745 1053 leges
759 957 966 1051 praescribit?
984 959 1070 1049 Quis
1086 958 1120 1027 in
1133 959 1219 1056 phi·
1296 1022 1303 1030 .

152 1067 323 1164 losophid,
349 1072 418 1139 sive
443 1096 515 1140 eam
542 1086 672 1165 partem
699 1085 839 1166 spectes,
862 1098 936 1166 quae
965 1074 999 1141 in
1029 1074 1164 1143 actione
1186 1089 1221 1143 et

152 1180 379 1277 speculatione
395 1186 503 1279 posita
525 1200 586 1273 est,
607 1186 675 1254 sive
689 1211 762 1254 eam
782 1186 911 1279 quaein
933 1186 1051 1287 logicis
1066 1187 1223 1258 demons-

153 1298 354 1368 trationibus
370 1315 429 1368 aut
446 1301 716 1395 oppositionibus
729 1314 763 1369 et
781 1302 1091 1372 concertationibus
1111 1328 1222 1372 versa·-

154 1427 222 1502 tur,
243 1438 344 1507 quam
367 1412 590 1510 dialecticam
608 1414 754 1495 vocant?
772 1419 844 1485 Jarn
862 1412 940 1486 verb
957 1418 1221 1507 astronomiam,

147 1529 392 1626 geometriam,
408 1552 627 1598 numerorum
636 1541 885 1627 proportiones
895 1529 1056 1600 hactenus
1070 1529 1223 1600 didicisse

152 1656 343 1728 contentus,
371 1655 411 1711 ut
436 1664 505 1710 non
531 1642 574 1708 ab
593 1641 635 1709 iis
655 1641 714 1735 qui
741 1641 775 1708 in
798 1641 996 1736 hujusmodi
1022 1643 1126 1711 rebus
1148 1644 1223 1713 sciti

151 1770 183 1823 et
203 1756 327 1850 eruditi
353 1771 431 1823 sunt
456 1754 693 1850 exagitaretur.
719 1752 952 1841 Medietatem,
976 1781 1051 1850 quae
1074 1757 1225 1852 philoso-

154 1871 240 1966 phiae
263 1887 297 1940 et
316 1869 439 1939 laboris
460 1886 560 1963 atque
582 1870 753 1939 industriae
770 1869 900 1938 fructus
921 1885 983 1954 est,
1003 1874 1223 1941 necessariam

152 1988 214 2080 ipsi
235 1986 463 2056 reddiderat...
481 1986 547 2056 Sed
565 1985 647 2078 quid
667 1986 749 2068 haec,
768 1985 795 2052 si
817 2009 895 2052 cum
909 2010 1043 2054 morum
1057 1985 1150 2056 illius
1162 1988 1223 2057 do·

150 2088 260 2170 ctrina
278 2100 521 2194 conferantur(
549 2098 584 2192 )?
1134 2101 1137 2106 ’

178 2220 254 2287 ‘Ne
281 2219 357 2309 quis
382 2217 486 2310 igitur
508 2215 598 2310 apud
616 2214 875 2303 philostratum,
895 2209 1101 2311 Eunapium,
1126 2219 1224 2288 Liba·

153 2333 249 2400 nium
271 2331 411 2399 miretur
429 2354 568 2422 magnas
586 2327 660 2398 illas
683 2330 801 2400 turbas
825 2345 858 2398 et
886 2319 1132 2417 contentiones,
1150 2330 1224 2426 qua

154 2449 243 2515 inter
263 2444 401 2516 aemulos
422 2446 587 2539 sophistas
604 2444 703 2514 edere
717 2442 886 2532 solebant,
908 2445 950 2514 de
964 2445 1148 2516 obtinenda
1163 2471 1225 2540 pu-

153 2561 317 2632 blicarum
339 2561 574 2632 cathedrarum
602 2560 802 2655 praefectura
828 2560 977 2630 studium
1005 2574 1039 2630 et
1057 2561 1220 2631 ambitio.

154 2679 231 2747 Non
251 2671 351 2745 modb
379 2678 468 2746 enirn
493 2677 527 2744 in
557 2675 701 2744 dicendo
723 2688 757 2743 et
776 2674 1000 2769 precipiendo
1018 2672 1225 2745 clarissimo·

155 2816 229 2859 rum
251 2790 338 2859 fama
358 2799 418 2884 per
435 2804 552 2883 gentes
568 2813 711 2883 orasque
735 2813 852 2857 omnes
880 2804 1045 2858 terrarum
1073 2789 1224 2860 dissemi-

156 2905 313 2993 nabatur,
339 2904 397 2972 sed
416 2903 528 2972 Graeci
551 2903 719 2988 homines,
734 2926 880 2996 quorum
907 2903 1050 2990 animos,
1077 2917 1117 2972 ut
1134 2902 1223 2991 dixi,

85 3097 87 3101 ,
155 3019 208 3088 rel
224 3035 300 3115 post
316 3019 471 3088 amissam
495 3017 684 3087 libertatem
701 3019 826 3086 mirum
845 3017 880 3085 in
898 3015 1037 3086 modum
1055 3016 1224 3090 demulce·

156 3135 215 3205 bat
237 3160 371 3206 summa
391 3133 524 3204 dicendi
546 3132 699 3220 facultas,
719 3133 1033 3226 praestantissimum
1061 3134 1225 3229 sophista»
1277 3155 1279 3159 ’

154 3278 230 3324 rum
253 3274 423 3345 quemque
441 3251 534 3318 omni
552 3248 622 3318 fere
639 3249 779 3317 honoris
798 3260 831 3354 et
844 3248 1148 3318 commendationis
1164 3265 1223 3345 ge²

197 3493 235 3573 (ι)
256 3498 284 3552 S.
298 3494 387 3570 Greg.
402 3492 533 3552 Naziana.
553 3492 631 3569 Opp.
644 3490 668 3558 l,
685 3510 713 3569 p.
726 3491 893 3564 788.·—Cf.
908 3489 971 3550 Lib.
985 3490 1023 3549 de
1034 3491 1098 3564 vit,
1112 3510 1141 3569 p.
1157 3508 1221 3551 roa.

156 3592 303 3651 Habernus
322 3587 369 3647 hic
389 3587 559 3667 praeclarum
574 3586 670 3644 locum
690 3585 727 3644 ad
750 3585 995 3663 cognoscendum,
1009 3586 1105 3665 inquit
1115 3586 1226 3662 Rsrs's,

153 3687 262 3766 quibus
280 3683 369 3745 rebus
384 3684 525 3763 juventus
542 3681 707 3741 academica
726 3683 788 3740 thro
810 3684 948 3759 temporis
965 3682 1109 3742 destinata
1124 3683 1223 3743 tuerit.

155 3784 213 3844 Alii
235 3783 312 3841 enim
335 3780 498 3839 honoribus
518 3777 755 3838 comitatensibus
774 3789 803 3835 et
829 3777 1061 3855 provincialibus
1091 3775 1225 3857 gerendis

154 3879 381 3939 erudiebantur:
395 3876 445 3936 alii
458 3874 658 3934 functionibus
676 3874 853 3935 curialibus:
874 3874 922 3933 alii
936 3877 1030 3936 causis
1050 3876 1181 3936 dicendis
1194 3879 1224 3936 in

155 3978 221 4037 loro
242 3999 248 4033 :
268 3975 317 4034 alii
340 3974 513 4052 eloquentiae
523 3969 662 4030 docendae
680 3994 686 4027 :
711 3970 760 4028 alii
778 3969 838 4047 juri
859 3991 981 4031 romano
1007 3973 1157 4033 tradendo.
1181 3975 1223 4034 (ll.

155 4074 228 4135 cod.
241 4072 352 4134 Theod.
369 4071 406 4128 de
418 4067 544 4128 decuriis
559 4068 594 4128 U.
607 4071 654 4138 R„
673 4065 723 4125 lib.
738 4067 760 4125 l.

1081 4186 1099 4244 ⁴
