2752 4688
608 368 761 429 ..3.-

148 499 283 596 vigebat
302 526 310 568 :
332 500 454 594 quibus
475 499 538 568 nisi
552 499 703 568 imbutus
725 523 822 586 esses,
838 498 880 567 ad
902 500 1058 569 obeunda
1075 525 1218 572 munera

132 612 282 706 publica
299 614 359 683 tibi
380 610 649 708 praecludebatur
663 611 801 700 aditus(
828 611 852 701 ).

196 731 291 797 luter
309 731 449 797 Asianus
471 740 585 798 autem
599 727 833 797 amoenissimae
844 726 945 821 hujus
959 753 1025 797 orae
1048 731 1214 816 civitates,

134 844 386 914 vhumaniorum
409 843 598 912 litterarum
620 841 721 912 laude
746 841 940 912 Nicomedia
965 844 1153 938 principem
1178 870 1219 915 ea

147 973 345 1055 tempestate
362 957 473 1028 locum
492 958 678 1026 obtinebat.
709 956 785 1027 Hire
803 982 873 1026 sese
893 956 1039 1028 contulit
1063 959 1218 1028 Themis·

146 1076 226 1162 tius,
247 1073 301 1143 vel
325 1088 445 1167 sponte
470 1072 530 1142 sud
549 1096 743 1166 memorque
765 1072 860 1141 famae
885 1087 919 1142 et
942 1073 1218 1158 existimationis,

147 1189 212 1282 qud
234 1212 380 1282 proavus
398 1189 444 1256 ibi
473 1186 564 1283 apud
587 1184 837 1256 Diocletianum
859 1185 941 1256 olim
969 1186 1137 1277 valuisset,
1166 1189 1218 1257 vel

147 1329 274 1375 morem
297 1319 430 1374 secutus
446 1303 688 1397 sophistarum,
705 1303 763 1395 qui
779 1305 939 1372 maximas
955 1328 1104 1398 quasque
1119 1305 1223 1374 urbes

147 1419 242 1487 obire
254 1417 418 1507 solebant,
431 1433 470 1486 ut
487 1417 689 1489 industriam
706 1442 799 1486 suam
816 1418 933 1487 acvim
952 1418 1116 1488 facundiae
1125 1421 1220 1489 exhi·

146 1536 277 1625 bentes,
302 1535 336 1601 iu
359 1532 616 1604 admirationem
641 1532 811 1603 auditores
831 1532 1033 1626 abriperent,
1053 1531 1106 1601 vel
1125 1531 1221 1602 deni·

148 1674 225 1744 que,
243 1663 281 1717 ut
303 1648 465 1741 equidem
478 1641 623 1718 libenter
641 1647 846 1744 putaverim,
865 1672 883 1715 a
904 1647 1221 1719 Nicomediensibus
1322 1655 1335 1680 ⁴

148 1764 343 1851 arcessitus3
364 1787 510 1859 namque
535 1788 651 1831 omnes
679 1762 848 1849 civitates,
871 1776 908 1829 ut
930 1759 1132 1830 clarissimos
1154 1761 1222 1833 sibi

147 1900 289 1970 quaeque
307 1876 500 1948 addicerent
514 1879 693 1972 magistros
706 1875 803 1944 enixe
816 1875 1092 1968 contendebant(
1120 1875 1147 1968 ).

196 1992 416 2062 Themistium
440 2016 518 2059 vero
538 1989 741 2061 Nicomediae
758 1988 919 2058 thronum
937 1989 1158 2084 sophisticum
1173 2006 1221 2061 te-

148 2107 260 2176 nuisse
275 2108 383 2175 oratio
398 2119 540 2174 testatur
557 2103 817 2200 elegantissima,
830 2128 929 2198 quam
944 2104 1145 2174 Nicomediae
1159 2106 1221 2175 ha·

148 2221 252 2290 bitam
276 2222 377 2290 fuisse
400 2221 592 2290 certissimis
612 2245 651 2288 ex
677 2219 810 2289 iudiciis
827 2217 999 2316 colligitur
1013 2217 1081 2315 (3)
1111 2217 1222 2288 Immb

148 2331 243 2422 verb,
266 2337 330 2404 nisi
352 2335 483 2431 egregie
503 2332 613 2425 fallor,
635 2359 674 2406 ea
690 2335 760 2430 ipsa
781 2360 851 2404 esse
869 2334 1003 2403 videtur
1019 2336 1139 2423 oratio,
1154 2337 1221 2429 qud

149 2475 249 2520 suum
277 2449 366 2545 apud
394 2450 663 2519 Nicomedienses
686 2449 915 2544 magisterium
942 2450 1134 2543 auspicatus
1159 2464 1220 2519 est.

148 2563 315 2633 Nimirum
342 2565 544 2634 Themistius
569 2565 603 2633 in
630 2565 669 2634 eal
692 2589 787 2632 suam
816 2562 957 2632 docendi
983 2565 1148 2632 rationem
1174 2565 1221 2633 ita

148 2680 339 2768 adumbrat,
363 2696 400 2750 ut
422 2706 515 2750 novae
534 2680 710 2775 cujusdam
733 2678 917 2775 disciplinae
939 2681 1034 2774 quasi
1053 2680 1221 2775 primitias

148 2794 342 2865 delibandas
359 2795 769 2890 auditoribusproponere
786 2794 951 2864 videatur.

135 2932 138 2938 ·
196 2913 379 3003 Postquam
397 2911 487 2978 euim
506 2911 679 2978 rhetorum
695 2910 864 2977 orationes
886 2907 990 2977 solam
1013 2909 1046 2974 in
1070 2906 1223 3002 volupta-

80 3117 84 3124 ἱ
148 3051 216 3105 tem
245 3036 377 3103 aurium
406 3036 624 3103 concinnatas
660 3034 931 3127 perstrinxerat:
957 3033 994 3101 Εἰ
1021 3036 1075 3128 μὲν
1104 3028 1145 3110 δή
1169 3061 1220 3115 τι,

138 3161 280 3253 inquit,
300 3167 372 3255 παρ’
391 3167 477 3249 ἡμῶν
504 3152 624 3235 τοιόνδε
647 3152 876 3253 προςδοιιῶντες
896 3161 1133 3238 συνεληλύθατε,
1156 3164 1221 3252 ὥρα

149 3291 217 3378 ὑμῖν
245 3285 365 3353 ἀπιέναι
384 3276 459 3378 μηδ’
479 3284 665 3378 ἐνοχλεῖσθαι
684 3283 801 3377 μάτην·
821 3284 846 3350 εί
865 3275 900 3351 δὲ
923 3276 964 3360 dd
982 3309 1060 3352 ποτε
1080 3283 1132 3350 καὶ
1151 3291 1220 3353 Λο·

149 3419 276 3503 κοῢργοι
296 3408 463 3500 ἑστιάτορα
479 3413 641 3501 ὑπομεῖναι
660 3399 836 3494 δυνήσεσθε,
860 3408 932 3500 τάχ’
951 3403 986 3474 dn
1006 3411 1084 3500 ὑμᾶς
1106 3399 1221 3485 ὑποδι-

151 3524 279 3624 {cipeto
305 3536 363 3624 οὐχ
384 3536 463 3599 οὕτω
491 3533 545 3622 μὲν
573 3532 754 3600 πολυτελέσι
782 3525 908 3615 ξενίοις,
944 3531 1153 3624 ὑγιεινοτέρας
1185 3523 1220 3598 δὲ

148 3653 237 3740 ἴσως,
252 3651 272 3720 ἃ
293 3660 333 3748 μὴ
351 3655 505 3748 θαυμάσαι
521 3655 611 3746 μόνον
632 3656 727 3737 ἔστιν,
742 3652 823 3721 ἀλλὰ
840 3652 891 3720 καὶ
907 3652 1032 3719 ὅνασθαί
1050 3678 1081 3719 τι
1100 3654 1220 3744 θαυμά-

193 3900 232 3979 [r]
254 3900 325 3960 Cod.
340 3900 495 3974 Theodos.‚
514 3900 648 3973 lib.XlV‚
663 3900 705 3958 tit.
719 3922 749 3977 9,
763 3900 808 3957 lex
826 3921 854 3966 ιι
870 3886 953 3971 ibid,
972 3899 1015 3956 tit.
1032 3919 1056 3971 1,
1071 3897 1116 3956 lex
1135 3917 1158 3953 1.

191 3997 231 4075 (a)
251 3996 362 4058 videsis
377 3999 486 4075 Eunap.
501 4000 530 4055 in
545 3997 649 4057 AEdesti
662 3997 728 4055 vita.

118 4103 122 4109 '
191 4094 227 4172 (3)
251 4097 317 4172 l'ag.
339 4096 405 4152 305.
