2752 4688
619 328 789 390 ..38-

53 503 57 508 ·
86 430 89 435 -
169 465 257 535 lilius
287 479 529 534 commemorat
550 492 558 535 :
586 470 737 565 Γεωργίας
754 470 807 562 μὲν
826 461 866 543 δὴ
885 469 937 536 καὶ
955 461 1077 563 σφόδρα
1098 467 1135 544 ἦν
1152 445 1242 537 ἔπαι-

60 591 64 598 ’
167 593 257 671 νάπης
275 617 310 659 τε
340 593 392 659 καὶ
418 591 565 687 ἐραστὴς,
594 593 646 659 καὶ
672 604 716 681 τῷ
737 594 894 685 φιλοσόφῳ
920 595 1072 686 ῥᾳστώνην
1097 594 1147 661 ἐπὶ
1176 602 1243 672 τοῖς

168 715 272 793 πόνοις
292 716 385 807 μόνην
411 717 585 808 πρέπουσαν
605 715 739 810 άπέφῃνε
762 717 818 789 τὴν
840 713 1000 811 γεωργίαν,
1027 717 1080 783 καὶ
1102 715 1244 807 μάλιστα

169 848 304 932 γορῶντι
324 830 386 913 ἤδη
414 838 467 907 καὶ
489 841 660 931 ἐκλυομίνῳ
680 841 739 906 ὑπὸ
761 849 816 907 τοῦ
836 840 945 933 χρόνον
965 850 1011 928 τῷ
1032 841 1166 933 σώματι.
1189 881 1244 894 --

170 959 233 1029 Καὶ
257 964 407 1042 πολλάκις
426 958 461 1030 ἃν
483 967 631 1056 ροιτάσας
653 960 738 1056 παρὰ
764 963 818 1030 τὸν
836 957 1011 1057 πρεσέιίτην
1030 957 1199 1046 κατέλαὸις
1221 965 1242 1040 ἢ

169 1087 341 1175 ρυτειίοντα
358 1085 378 1163 ἢ
395 1085 678 1181 περιααθαίρονταῆ
697 1084 940 1181 μεταρίρονταῆ
958 1077 1042 1181 ὕδωρ
1058 1079 1244 1182 διεξάγοντα

170 1209 221 1277 ἐπὶ
238 1211 308 1289 τοὺς
335 1211 479 1303 ὀχετοὺς,
499 1215 576 1288 ὥςτι
595 1200 739 1303 ἐπάρδειν
756 1194 804 1278 τὰ
824 1209 975 1304 φυόμενα·
997 1208 1049 1278 καὶ
1075 1204 1183 1304 ὤρεξεν
1204 1208 1243 1279 άν

170 1331 204 1398 τί
223 1357 271 1399 σοι
290 1343 353 1401 τῶν
373 1333 511 1426 ὡραίων,
526 1332 579 1402 καὶ
604 1336 799 1428 περιαγαγὼν
825 1334 895 1412 τοὺς
917 1333 1067 1427 ὀρχάτους
1085 1326 1243 1415 ὑπέδειξεν

171 1449 206 1522 ἃν
223 1465 286 1523 τῶν
304 1458 442 1549 βοτρύων
460 1458 608 1550 ὑπερφυὲς
624 1458 659 1525 τὸ
673 1457 785 1536 καλλος
809 1458 861 1524 καὶ
878 1454 917 1524 τί
934 1457 1070 1551 μέγεθος,
1089 1454 1141 1524 καὶ
1163 1455 1244 1532 ἁνή-

94 1673 99 1679 ,
169 1606 262 1674 γαγιν
288 1581 328 1658 εἰς
348 1579 404 1659 τὰς
427 1582 651 1675 μητροπόλεις,
671 1587 767 1674 ὥςπερ
782 1582 810 1650 οἱ
827 1582 1002 1677 γενεαλόγοι
1025 1589 1087 1649 τῶν
1105 1585 1243 1675 στερρά·

168 1709 230 1770 λων
246 1705 286 1784 εἰς
309 1703 366 1784 τὰς
389 1705 567 1785 ἀποικίας...
590 1733 621 1775 κ.
640 1732 672 1776 π.
691 1715 722 1776 λ.
746 1696 807 1799 (1).
830 1705 925 1794 Quid
947 1701 1073 1773 multa?
1095 1705 1145 1772 Ex
1170 1682 1245 1772 total

169 1819 322 1885 oratione
345 1819 501 1887 exsistere
527 1817 661 1887 videtur
685 1817 863 1913 singularis
886 1834 921 1888 et
947 1819 1010 1904 viri
1035 1832 1070 1886 et
1091 1817 1244 1913 magistri

161 1933 315 2026 species3
331 1957 440 2024 neque
459 1934 476 2000 a
492 1957 594 2026 scopo
608 1935 768 2001 erravisse
787 1948 956 2002 oratorem
972 1932 1048 2026 jure
1062 1931 1240 2026 quisquam

169 2045 301 2116 dixerit.

602 2314 618 2355 Ι,
658 2182 735 2301 νο

219 2421 400 2514 Postquam
418 2421 490 2514 paci
510 2444 587 2487 cum
600 2419 745 2507 ,Gotthis
763 2418 922 2488 feriendae
942 2434 1062 2488 auctor
1081 2417 1244 2487 adfuisset

168 2535 197 2602 T
199 2533 388 2617 hemistius‚
405 2530 580 2601 Valentem
595 2532 632 2600 in
652 2533 829 2603 Orientem
844 2545 1048 2601 remeantem
1060 2545 1112 2600 est
1133 2533 1241 2601 comi-

170 2662 273 2739 tatus,
289 2662 392 2742 atque
409 2646 596 2718 Antiochiae
617 2646 754 2742 paulirm
773 2661 938 2736 moratus,
957 2646 1003 2715 ibi
1020 2644 1144 2717 multos
1162 2661 1243 2741 post

168 2789 276 2834 annos
287 2763 480 2854 Libanium,
493 2763 610 2852 credo,
626 2763 752 2832 revisit.
765 2762 831 2832 vix
840 2776 952 2832 alitem
966 2761 1001 2830 in
1013 2761 1079 2831 hoc
1088 2767 1241 2831 extremo

169 2878 302 2972 imperii
331 2875 437 2947 limite
460 2876 668 2965 consederat,
695 2875 799 2973 quirm
820 2876 861 2945 ad
882 2875 1082 2948 Gratianum
1109 2872 1242 2970 legatus

168 3004 236 3079 est3
257 2991 371 3060 utrlrm
386 2992 405 3060 ὲ
420 2989 576 3062 Valentis
591 2991 771 3083 sententii,
792 3017 880 3061 nova
898 3005 937 3059 ut
950 2989 1117 3060 inhiberet
1131 2991 1242 3059 consi-

167 3105 225 3198 lia,
246 3130 335 3200 quae,
345 3121 484 3177 auctore
498 3103 859 3194 Ambrosio,adversi1s
875 3130 1025 3202 paganos
1035 3102 1242 3177 moliebatur

166 3222 363 3313 Gratianus,
381 3245 439 3314 an,
455 3239 494 3292 ut
509 3222 578 3292 icto
596 3223 757 3293 Romanis
774 3247 854 3292 cum
867 3220 1078 3291 senatoribus
1097 3217 1239 3308 foedere,

168 3350 277 3407 totum
289 3362 350 3432 per
364 3337 544 3432 imperium
555 3336 647 3407 fusos
656 3337 849 3432 etpalnntes
861 3336 983 3407 veteris
996 3333 1080 3404 ritus
1089 3332 1240 3404 cultores

166 3451 455 3547 conglomeraret,
484 3453 577 3522 etad
599 3453 831 3549 sustinendum
848 3449 1009 3522 adversius
1027 3449 1241 3520 Christianos

164 3565 315 3661 praelium
334 3569 494 3638 excitaret
520 3583 554 3637 et
582 3582 762 3656 recrearet,
786 3565 925 3663 prorsus
948 3566 1125 3635 incertum.
1147 3560 1240 3632 Illud

164 3681 227 3751 sibi
246 3681 448 3776 persuadere
462 3682 596 3752 videtur
614 3682 860 3752 recentissimus
874 3682 1031 3774 scriptor,
1050 3671 1239 3772 etquidem

162 3797 301 3891 minime
324 3797 590 3866 contemnendus
606 3795 680 3893 (ο),
708 3821 748 3865 ex
768 3798 881 3867 habital
904 3801 1020 3866 Romae
1036 3795 1072 3863 in
1099 3805 1233 3882 senatu,

204 3985 242 4064 (ι)
266 3989 349 4046 Orat.
366 3986 429 4061 llll,
446 4006 475 4063 p.
490 3987 556 4059 237.

202 4084 242 4159 (a)
264 4082 404 4160 Beugnot,
417 4087 594 4144 Destrucu'oa
609 4088 648 4142 du
659 4103 767 4162 pagan.
781 4105 816 4142 cn
830 4087 973 4154 Occiderit,
991 4081 1015 4152 1,
1032 4099 1058 4157 p.
1075 4080 1130 4137 323
