2752 4688
653 387 828 449 ...52-

209 516 370 610 exigenda
389 517 539 586 mercede
563 517 726 604 docendi,
752 515 942 585 calendarid
973 516 1104 604 strend,
1129 517 1285 609 sportuld

210 630 432 718 saturnalitid,
453 656 520 699 non
543 628 650 698 solim]
669 629 884 699 foedissimam
903 630 1076 697 avaritiam
1093 629 1285 724 prodidisse

211 743 364 813 nonnulli
384 743 550 831 videntur,
570 743 637 814 sed
650 742 723 812 illos
742 758 873 812 constat
889 744 1026 812 miseros
1042 742 1211 836 parvulos,
1223 745 1285 839 qui
1353 783 1356 787 ⁴

210 856 369 926 solvendo
384 884 481 951 pares
502 885 569 926 non
589 873 708 941 essent,
729 872 788 925 aut
808 856 865 950 qni
886 871 1016 949 pactam
1033 855 1165 926 nollent
1180 885 1286 952 pecu-

211 972 300 1041 niam
324 972 475 1055 reddere,
496 973 691 1041 verberibus
717 972 887 1063 variisque
912 969 1084 1064 suppliciis
1105 973 1285 1042 saevissime

210 1089 428 1156 excruciasse.
450 1086 658 1156 Professores
677 1087 765 1155 enim
783 1110 939 1179 magnam
964 1086 998 1153 in
1018 1085 1200 1179 discipulos
1224 1113 1282 1181 po·

211 1217 362 1274 testatem
379 1228 554 1296 usurpasse
573 1203 807 1298 perhibentur.

705 1459 784 1575 §²5

259 1678 326 1749 Sed
345 1694 383 1748 ut
402 1664 621 1748 redeat'unde
638 1678 808 1747 aberravit
827 1676 954 1762 oratio,
978 1677 1079 1769 hujus
1106 1676 1283 1745 bominum

210 1789 1282 1888 generisferacissimafuisseConstantinopolisvidetur,quorum

209 1907 386 1977 fraudibus
399 1922 433 1974 et
454 1907 544 1976 vitiis
559 1898 701 1995 factum,
724 1919 763 1974 ut
784 1905 943 1998 sophistae
959 1904 1192 1998 compellatio,
1209 1929 1285 1999 quac

210 2019 457 2116 perhonorifice
476 2019 586 2091 fuerat
608 2016 812 2114 aliquandi),
837 2020 960 2088 deinde
983 2019 1090 2108 irrisa,
1106 2020 1232 2112 probro
1250 2035 1286 2088 et

207 2134 422 2206 contumeliae
432 2135 625 2206 haberetur.
635 2135 812 2205 Themistii
822 2149 934 2204 autem
954 2134 1072 2228 gratia,
1091 2134 1285 2228 dignitates,

208 2236 293 2344 opes
312 2249 455 2342 majores
478 2252 580 2343 qnam
597 2265 637 2319 ut
660 2248 753 2343 vulgi
773 2245 928 2318 malevoli
955 2247 1098 2318 livorem
1125 2263 1159 2316 et
1182 2247 1283 2317 bilem

208 2389 281 2433 non
313 2377 518 2432 moverent:
556 2358 679 2457 quibus
714 2362 967 2431 annumeranda
1004 2361 1285 2458 philosophorum

210 2475 327 2560 factio,
347 2476 406 2569 qui
426 2477 488 2545 sub
516 2475 652 2546 Juliano
672 2477 828 2546 florentes
854 2477 993 2569 opibus,
1019 2475 1139 2544 deinde
1167 2475 1288 2569 profli-

208 2593 302 2684 gati,
331 2589 522 2661 scholarum
553 2594 588 2660 in
615 2590 749 2686 angulis
777 2616 875 2660 suum
901 2590 1051 2659 dolorem
1078 2590 1283 2684 coquebant.

211 2696 361 2776 Assiduis
375 2705 410 2774 hi
427 2703 604 2776 calumniis
628 2731 752 2774 nomen
769 2705 946 2774 Themistii
969 2729 1124 2797 carpere,
1151 2702 1284 2773 laudern

210 2817 373 2890 deterere.
400 2817 464 2889 Illo
485 2821 536 2895 de,
554 2818 723 2889 simultate
749 2818 961 2888 contentiose
987 2816 1098 2912 plures
1128 2819 1285 2888 exstitere

211 2931 329 3005 Nostri
348 2934 529 3020 orationes,
549 2935 671 3026 quibus
688 2933 770 3002 dum
782 2932 992 3002 adversarios
1010 2930 1216 3026 redarguere
1235 2932 1287 3000 in·

211 3042 333 3134 tendit,
347 3060 382 3114 et
398 3045 533 3115 aculeos
547 3047 684 3116 invidiae
700 3046 892 3135 retundere,
912 3043 1012 3116 simul
1024 3044 1287 3140 ostenditqualis

209 3160 282 3252 ipse
300 3160 335 3228 in
357 3159 510 3228 docendo
527 3161 641 3248 fuerit,
664 3176 697 3229 et
714 3160 879 3254 quantlnn
896 3176 931 3228 et
944 3154 1114 3252 quomodo
1128 3159 1170 3226 ab
1187 3185 1287 3228 aemu·

209 3269 255 3341 lis
272 3273 527 3370 discrepaverit.
550 3273 687 3364 Quibus
707 3273 875 3368 perlectis,
898 3297 997 3342 nemo
1014 3273 1195 3341 mirabitur
1207 3297 1285 3342 eum

212 3389 369 3482 sophistis
379 3388 642 3458 inimicissimum
668 3388 783 3474 fuisse,
808 3389 934 3483 quippe
958 3386 1038 3480 qui,
1067 3385 1145 3454 data
1166 3389 1286 3480 opera,

211 3503 256 3572 'ab
278 3515 395 3572 eorum
418 3525 518 3597 grege
536 3527 571 3572 se
596 3493 816 3590 subduceret,
839 3504 1071 3595 rationemque
1093 3499 1228 3569 vivendi
1254 3516 1288 3570 et

213 3615 354 3685 docendi
374 3617 513 3712 prorsus
529 3619 548 3687 a
563 3616 743 3711 sophistica
761 3616 905 3686 alienam
925 3614 1088 3709 elegisset.

262 3734 312 3799 Ac
333 3731 479 3823 primum
495 3731 615 3824 quale,
635 3732 738 3826 quinn
759 3729 927 3801 excelsum
953 3754 1075 3798 munus
1094 3728 1286 3823 philosophi

213 3853 276 3921 sibi
305 3853 457 3939 finxerit,
490 3856 688 3924 audiamus:
720 3847 793 3952 Εφὼ
821 3854 863 3923 τὰ
889 3852 970 3923 αὐτὰ
995 3856 1109 3950 φφονέω
1134 3854 1203 3949 περὶ
1229 3858 1287 3940 βοι-

215 3980 321 4057 σιλέως
344 3980 395 4046 καὶ
418 3981 603 4073 φιλοσόφου,
626 3982 678 4050 καὶ
697 3978 790 4074 ἄμφω
815 3975 929 4074 νομίζω
947 3986 1099 4048 κατοικεῖν
1114 3977 1237 4071 ’ὁμοίως
1255 3983 1285 4047 ἐν

214 4109 282 4180 τοῖς
300 4109 443 4195 κορυφαῖς
457 4113 513 4182 τῆς
532 4103 719 4196 ἀνθρωπίνης
734 4097 947 4198 εὐδαιμονίας,
963 4103 1014 4170 καὶ
1030 4103 1217 4197 πφοσωτόφω
1231 4103 1287 4170 οὐκ
