2752 4688
593 434 772 506 ,1.7..

146 593 221 642 uam
242 569 467 643 Themistium
485 573 632 668 eligunt3
643 575 670 644 is
681 573 762 642 vero
772 573 815 641 ob
829 576 980 669 corporis
994 574 1218 652 valetudinem
1227 595 1236 645 .’

148 702 183 756 et
197 688 324 782 hyemis
334 690 547 784 asperitatem
559 689 681 758 itinere
695 685 909 774 interclusus
921 691 1107 761 orationem
1117 720 1219 787 quam

150 805 267 872 Romae
290 803 491 872 recitaturus
521 817 614 891 erat,
641 803 686 873 ad
712 805 950 897 imperatorem·
984 807 1075 876 misit
1106 806 1224 904 legen»

150 916 237 987 dam.
938 932 943 941 '

199 1029 294 1100 Hanc
311 1032 393 1100 mihi
409 1028 511 1100 semel
530 1046 631 1125 atque
660 1031 781 1100 iterum
808 1032 993 1127 perlegenti
1016 1036 1220 1108 inanimum

151 1146 370 1216 recurrebant
392 1147 493 1214 verba
510 1145 657 1213 auctoris
677 1143 718 1213 de
741 1135 859 1215 Causis
876 1163 1044 1241 corruptae
1061 1143 1222 1243 eloquen-

151 1261 218 1348 tiae,
257 1259 443 1354 meliusque
481 1250 729 1353 intelligebam,
748 1260 855 1354 'quod
886 1261 1011 1330 diserte
1045 1265 1222 1360 Longinus

151 1362 290 1470 exponit
310 1373 377 1473 (r),
401 1374 566 1471 quantiam
582 1374 625 1443 ad
646 1399 800 1468 magnam
821 1372 1048 1468 eloquentiam
1067 1393 1100 1446 et
1119 1395 1171 1448 res
1190 1394 1224 1448 et

152 1504 305 1584 tempora
319 1490 508 1560 conferant.
526 1491 600 1556 Jam
614 1490 704 1556 enim
715 1502 834 1556 nactus
858 1492 982 1559 Noster
992 1507 1109 1584 'parem
1130 1494 1223 1587 inge·

153 1606 211 1674 nio
226 1605 417 1700 argumenti
440 1604 652 1698 dignitatem,
682 1604 848 1696 ingenitas
872 1601 940 1672 alas
967 1604 1125 1698 explicat,
1146 1596 1225 1676 insi-⁵

153 1734 294 1813 tumque
312 1731 478 1788 amatura
496 1716 603 1785 robur
628 1717 804 1810 expromit.
830 1717 951 1786 Videas
971 1718 1075 1788 modi)
1096 1736 1244 1815 quanta,

154 1834 316 1901 sermonis
337 1829 559 1925 amplitudine
584 1845 617 1899 et
640 1831 763 1899 eximio
783 1822 965 1901 verborum
985 1832 1118 1904 delectu
1137 1834 1225 1931 figu-
1310 1837 1319 1855 '

154 1946 545 2044 rarumqne'splendore
577 1941 707 2015 Ndvam
746 1945 801 2014 ille
830 1950 972 2016 Romam
1008 1949 1222 2041 introducat,

155 2052 256 2134 unico
270 2063 362 2134 orbis
379 2061 597 2149 moderatori,
611 2063 655 2130 'at
669 2063 764 2155 paene
785 2061 818 2129 in
836 2063 933 2130 terris
950 2062 1041 2154 tovi,
1062 2064 1235 2159 triumphi

62 2201 65 2207 '
156 2212 329 2281 pompam,
351 2201 525 2283 spectante
555 2189 663 2254 Roma
687 2199 817 2274 vetere,
845 2182 1099 2278 gratulantem:
1123 2175 1165 2257 Er
1186 2201 1227 2284 τῇ

156 2313 355 2408 βασιλευούσῃ
367 2322 431 2379 τῶν
443 2313 560 2380 πολεων
572 2302 684 2378 ἀνοιδεῖ
690 2311 744 2378 τὸν
757 2312 966 2396 ’βασιλεύοντα
978 2322 1040 2378 τῶν
1058 2309 1224 2405 ἀνθρώπων

153 2445 172 2512 ri
190 2433 231 2506 τὰ
245 2428 373 2530 δεύτερα
386 2429 427 2503 δι’
443 2441 522 2529 ὑμᾶς
542 2437 764 2521 βασιλεύουσα,
783 2434 835 2525 καὶ
850 2436 968 2508 ταύτην
980 2431 1041 2536 εἶρα
1064 2435 1121 2505 τὴν
1137 2437 1225 2506 πολιν

155 2569 290 2631 ποιεῖται
315 2559 460 2654 μάρτυρα
482 2570 537 2640 τῆς
556 2560 701 2650 τιμῆς,ἐι
723 2557 798 2648 μόνη
823 2560 1072 2651 σεμνοτέραιτῆς
1093 2564 1227 2652 τιμώσης

142 2686 259 2783 ἐστίν·
283 2691 380 2777 ὥςπερ
403 2691 422 2759 ἡ
446 2686 540 2762 Θέτις
563 2687 672 2775 ἧπαρ
694 2666 813 2773 ὁμηρῳ
840 2672 1079 2773 ἀποδημοῦντος
1105 2684 1159 2776 μὲν
1175 2684 1228 2762 »εἰς

156 2796 291 2877 Ωκεανὸν
310 2818 368 2875 τοῦ
386 2807 454 2885 Διὸς
473 2800 647 2899 πρεσὸεύειν
664 2804 732 2890 περὶ
749 2814 806 2871 τοῦ
820 2795 931 2882 παιδὸς
951 2807 1006 2871 οὐκ
1024 2802 1121 2874 οἴεται
1142 2801 1227 2872 δεῖν·

156 2935 363 3012 ἐπανήκοντας
387 2922 422 2997 δέ
446 2930 487 3009 εἰς
505 2929 556 2997 τὸν
579 2929 722 3021 οὐρανὸν,
746 2931 863 3020 μᾶλλον
885 2919 920 2994 tt
939 2926 980 3006 εἰς
1004 2928 1041 2995 τὸ
1064 2925 1156 3021 ἄκρον
1173 2941 1231 3021 τοιῖ

156 3059 303 3151 οὐρανοῦ,
320 3048 420 3123 δεῖται
442 3053 494 3122 καὶ
513 3055 645 3127 ἐπηκόου
660 3050 820 3147 τυγχάνει,
838 3053 921 3119 οὕτω
942 3051 993 3119 καὶ
1008 3052 1062 3119 τὸν
1076 3052 1141 3120 -Δία
1156 3059 1228 3122 ἐαυ-

158 3187 243 3259 τῆςὴ
261 3176 442 3256 καλλίπολις
458 3172 510 3244 τέ
523 3177 577 3269 μὲν
598 3177 674 3268 πρὸς
698 3162 834 3242 Ὠκεανὸν
852 3176 1059 3268 φραγνύμενον
1081 3175 1132 3242 καὶ
1156 3151 1243 3269 προ-ἱ

156 3312 277 3397 ορῶντα
301 3294 433 3394 διοχλεῖν
458 3303 492 3367 οὐ
520 3307 728 3414 προαιρμται,
755 3297 845 3373 ηνίκα
869 3289 904 3365 δὲ
928 3296 968 3398 εἰς
997 3303 1050 3365 τὸν
1078 3276 1229 3390 ὄλυμπον

157 3430 300 3504 ἐπανήκει
316 3424 368 3494 καὶ
376 3425 519 3527 ικοίθινται
536 3425 585 3492 ἐπ’
604 3419 698 3517 ἄκρας
717 3431 772 3500 τῆς
787 3431 932 3515 κορυφῆς,
944 3426 1069 3515 λιπαρεῖ
1076 3417 1133 3488 ’καέ
1146 3421 1231 3516 θερα-

156 3552 239 3619 πεύει
261 3549 313 3616 καὶ
329 3551 472 3639 πειρᾶται
494 3547 694 3640 συμμετέχειν
719 3554 775 3623 τῆς
793 3549 898 3638 ἑορτῆς
906 3597 917 3630 ,
936 3544 972 3618 ἢν
995 3537 1169 3637 ἑορτάζουσι
1188 3537 1230 3646 δι’

157 3674 336 3748 ἀλληλοινὸ
361 3697 394 3740 τε
412 3673 537 3765 οὐρανὸς
555 3669 607 3738 καὶ
631 3675 646 3737 ὁ
676 3669 760 3752 θεὸς,
779 3673 795 3735 ὀ
821 3667 875 3760 μὲν
890 3665 1142 3759 ἐκλαμπόμενος,
1160 3673 1176 3734 ὁ
1196 3660 1231 3736 tt

157 3791 347 3894 ἐναυγοὶζων,
366 3797 418 3865 καὶ
432 3796 549 3890 γίνεται
568 3802 639 3889 ἡμῖν
659 3787 713 3861 διὰ
730 3798 784 3869 τὴν
807 3796 896 3860 πολιν
911 3792 1078 3882 ὁλόκληρος
1097 3795 1115 3865 ἡ
1131 3818 1232 3870 πανη-

156 3948 256 4016 γυρις·
272 3923 473 4013 κοινωνεῖγὰρ
484 3920 535 3987 καὶ
547 3914 758 4012 συμπάρεστιν
773 3917 1003 4008 εὐθυμουμένοις
1016 3919 1034 3987 η
1047 3925 1232 3982 κοινωνοῦσι

199 4172 240 4247 (a)
265 4167 453 4248 ΠερὶὝψους,
470 4166 523 4225 snb
538 4167 557 4227 f„

339 4274 342 4278 .
1068 4264 1086 4328 ἐ
