2752 4688
568 398 744 460 ,47-.

124 527 245 596 dorum
265 543 299 597 et
312 528 507 597 Graecorum
533 543 564 597 et
591 530 791 599 Latinorum
815 528 989 601 rhetorum
1010 533 1110 603 causd
1132 535 1200 608 fre·

125 650 269 736 quenter
283 644 483 734 processit.»
501 645 546 712 Et
564 644 598 713 iu
620 645 692 738 ipso
707 643 787 712 olim
810 643 936 742 templo
957 643 1121 740 Apollinis
1133 649 1200 720 Ca·

126 756 258 849 pitolini
272 755 376 828 factas
391 760 605 827 recitationes
620 773 783 828 memorat
796 760 966 830 Horatius.

175 872 399 965 Imperatores
411 868 501 941 'verb
523 873 593 966 jam
614 873 657 942 ab
682 897 758 943 aevo
785 876 975 945 Constantii
998 880 1200 950 exornandae

129 1008 222 1055 novae
250 992 365 1056 Romae
387 987 612 1082 cupidissimi,
634 987 711 1056 ciam
740 987 886 1083 publico
903 992 1072 1062 auditorio
1097 994 1201 1064 aedifi-

128 1101 353 1189 cando,ti1m
379 1102 621 1198 componendis
641 1101 855 1173 bibliothecis
883 1104 1034 1176 sedulum
1063 1134 1201 1204 operam

129 1216 272 1286 dedere:
291 1217 382 1311 quod
400 1242 440 1286 ex
470 1217 594 1313 insigni
618 1218 772 1312 inprimis
791 1216 867 1288 loco
887 1220 1063 1293 Tlremistii
1087 1238 1201 1319 patet:

128 1345 239 1435 Ψυχὴν
265 1337 475 1436 ὑπολαμέοίνω
506 1345 567 1438 ἐγὼ
590 1336 700 1439 ἀνδρὸς
725 1352 821 1436 σοροῦ
847 1341 922 1413 εἶναι
947 1349 1004 1420 τὴν
1024 1349 1131 1442 σορίαν
1150 1348 1203 1416 καὶ

31 1465 35 1474 ’
130 1468 184 1534 τὸν
192 1476 261 1534 νοῦν
277 1468 329 1534 καὶ
344 1467 396 1535 τὸν
410 1466 517 1562 λόγον,
532 1469 604 1563 ἠρία
622 1460 658 1535 δὲ
671 1479 732 1536 τῶν
749 1465 852 1562 ψυχῶν
870 1469 989 1537 τούτων
1004 1468 1061 1551 τὰς
1077 1465 1204 1557 βίέλους

130 1591 230 1657 τεκαὶ
244 1588 485 1686 τᾷιγριίμματα,
505 1593 535 1657 ἐν
555 1584 598 1670 οἷς
614 1591 778 1658 ἀπόκειται
795 1593 892 1659 αὐτῶν
908 1590 950 1660 τὰ
961 1590 1092 1682 λείψανα
1106 1598 1203 1688 ὥςπερ

130 1719 162 1782 ίν
181 1717 337 1807 μνήμασι·
356 1725 458 1781 ταῦτα
477 1711 527 1783 οὖν
545 1712 587 1782 τὰ
601 1718 760 1808 μνήματα,
779 1716 839 1784 ὑπὸ
856 1720 965 1808 μικροῖς
985 1715 1204 1811 ἀθεραπευσίας

132 1829 328 1932 διαρρυέντα,
352 1843 449 1930 ὥςπερ
471 1830 712 1931 οἰκοδομήματα
730 1843 761 1906 ἐν
780 1846 826 1924 τῷ
847 1838 988 1932 θησαυρῷ
1007 1849 1064 1918 τῆς
1085 1867 1206 1934 μνημο-

132 1960 241 2047 σύνης,
265 1962 317 2029 καὶ
337 1955 552 2030 κινδυνεύοντα
572 1964 770 2030 παντάπασιν
793 1962 875 2029 αὐτοί
897 1988 932 2031 τε
950 1963 1136 2038 ἀϊστωθῆναι
1153 1965 1213 2032 καὶ·

133 2081 306 2160 οἱποσὲἥνοιι
324 2085 376 2154 καὶ
390 2081 617 2155 συναποσίέσοιι
638 2083 695 2165 τοὶς
713 2082 814 2179 ψυχὰς
833 2084 890 2164 τὰς
911 2089 1108 2181 ἑγιιειμένας,
1130 2089 1207 2155 ἀνα-

133 2200 279 2299 ζωπυρεῖν
300 2212 523 2303 παραγγέλλει,
543 2209 594 2276 καὶ
608 2210 717 2277 τοίττει
737 2210 790 2301 μὲν
806 2205 943 2302 ἄρχοντα
958 2209 1008 2276 ἐπὶ
1026 2217 1071 2296 τῷ
1090 2211 1169 2304 ἔργῳ
1183 2219 1206 2280 ζ.

134 2331 201 2400 Καὶ
218 2330 314 2426 ὀλίγῳ
333 2337 456 2425 ὕστερον
475 2338 543 2425 ὑμῖν
566 2326 772 2399 ἀναὲιώσεται
787 2333 839 2424 μὲν
858 2322 993 2424 δημοσίᾳ
1014 2338 1030 2400 o‘
1052 2332 1208 2426 ποὶνσορος

135 2450 285 2541 Πλάτων,
302 2452 504 2524 οἱναὲιώσεται
522 2447 557 2525 δὲ
572 2464 588 2525 ὁ
605 2446 829 2550 Ᾰριστοτέλης,
846 2455 898 2523 οιαὶ
917 2461 933 2522 ὁ
953 2459 1053 2551 ῥήτωρ
1075 2462 1090 2522 o‘
1107 2460 1208 2524 Παια·

135 2581 231 2665 vote,
250 2580 336 2648 καὶὸ
362 2591 418 2648 τοῦ
437 2573 600 2674 Θεοδώρου
623 2581 708 2648 καὶὸ
729 2589 785 2646 τοῦ
805 2565 969 2672 ὒλόρου...
989 2604 1020 2647 κ.
1044 2606 1073 2647 τ.
1087 2586 1120 2646 λ.
1142 2569 1157 2671 (
1180 2571 1206 2668 ).

189 2700 403 2770 auditorium
432 2726 513 2769 vero
537 2701 608 2770 sive
626 2709 779 2774 Μουσεῖον
789 2701 1218 2795 Constantinopolitanum,

139 2815 242 2909 ipsius
254 2813 413 2910 Capitolii
428 2799 504 2911 pars
517 2815 586 2884 sive
601 2814 654 2884 ala
671 2829 759 2900 erat,
777 2815 811 2882 in
823 2815 940 2885 octava
955 2816 1047 2882 urbis
1062 2817 1213 2910 regione,

140 2955 215 3024 quae
231 2933 250 3002 ὲ
264 2932 490 3001 mari·semota
505 2945 595 3019 erat,
610 2947 645 3001 et
662 2929 923 3018 mediterranea,
942 2945 980 3000 ut
999 2930 1097 3006 docet
1119 2947 1216 3002 vetus

139 3043 478 3140 Constantinopoleos
496 3045 697 3138 descriptio,
716 3043 850 3138 praelixa
869 3044 1005 3114 Notitiae
1020 3045 1164 3142 imperii.

189 3164 229 3228 ln
244 3159 304 3230 illo
317 3161 488 3229 auditorio
500 3158 612 3229 studia
625 3184 695 3228 non
710 3160 923 3241 exercebant,
935 3161 999 3228 nisi
1010 3160 1162 3254 magistri
1174 3161 1218 3230 ab

142 3278 345 3372 imperatore
363 3276 557 3358 constituti,
570 3275 628 3367 qui
644 3275 679 3342 in
693 3275 832 3367 privatis
846 3270 974 3344 aedibus
992 3275 1112 3345 docere
1125 3301 1220 3370 pror·

143 3392 199 3462 siis
215 3392 432 3478 vetabantur3
447 3391 521 3460 vice
541 3391 652 3479 versd,
681 3388 738 3460 alii
759 3391 861 3483 quiem
883 3391 902 3458 ἐι
925 3391 1078 3486 principe
1099 3393 1223 3474 consti·

144 3507 209 3578 tuti
230 3508 468 3606 magistrorum
495 3504 632 3576 nomina
658 3505 722 3573 sibi
747 3528 930 3600 usurpare,
954 3517 988 3572 et
1012 3505 1047 3572 in
1073 3502 1220 3600 publicis

145 3617 655 3717 magistrationibuscellulisque
668 3618 826 3689 collectos
834 3618 1069 3712 undecumque
1081 3621 1223 3714 juvenes

145 3723 265 3806 docere
279 3751 314 3805 et
326 3736 542 3805 circumferre
553 3734 837 3831 prohibebantur.
852 3775 901 3788 -
919 3735 965 3802 Hi
981 3729 1064 3802 veri>
1078 3750 1174 3805 erant
1187 3736 1224 3805 in

147 3852 340 3922 universum
357 3846 656 3944 Constantinopoli
675 3873 777 3935 xxx13
793 3872 926 3942 nempe,
951 3845 1046 3918 latini
1060 3865 1224 3938 oratores,

187 4038 225 4114 (ι)
246 4036 328 4096 Orat.
345 4035 392 4104 lV,
413 4034 448 4092 ad
467 4068 504 4080 -—
521 4035 634 4104 Consu,
660 4054 687 4111 p.
712 4034 759 4112 59·
776 4032 819 4093 Cl.
843 4031 915 4094 cod.
934 4031 1066 4108 Theod,
1081 4030 1133 4092 lib.
1150 4035 1225 4107 xlv,

149 4137 253 4194 rir.1x.
276 4140 280 4147 ”
