2752 4688
596 327 774 389 ..13-

151 468 246 561 οἱρχῆς
264 444 336 536 orire
355 468 435 562 μίγα
455 468 527 534 οὕτε
548 469 653 561 μικρὸν
668 470 823 537 ἐκλέλοιπε
844 467 897 533 καὶ
915 472 978 544 τοῖς
997 471 1121 542 πολλοῖς
1140 471 1221 533 ε’ντι·

152 593 281 685 μότερον
299 577 523 683 καταστῆσαι(
547 578 576 678 ).

651 831 722 924 §a

199 1045 272 1114 Nec
290 1040 359 1109 veri
388 1039 474 1108 mihi
495 1038 627 1108 videtur
650 1037 809 1107 dissimile
830 1039 1065 1130 Themistium,
1084 1065 1223 1111 suasore

151 1171 187 1226 et
200 1170 339 1224 auctore
357 1154 553 1235 Saturnino,
574 1155 699 1247 quippe
715 1152 811 1247 cujus
829 1154 935 1249 gratlel
946 1152 1098 1247 polleret,
1121 1156 1224 1228 Nico·

104 1357 106 1361 Ι
149 1271 262 1358 medii
293 1270 452 1363 migrasse
475 1265 822 1361 Constantinopolim,
855 1268 962 1361 quod,
986 1284 1024 1337 ut
1049 1295 1118 1339 non
1144 1286 1222 1343 ante

151 1411 278 1454 annum
297 1381 367 1455 352
387 1383 460 1452 fieri
478 1385 601 1477 potuit,
615 1383 662 1452 ita
676 1408 745 1451 non
757 1381 844 1452 ultra
856 1406 887 1451 a.
909 1380 979 1453 355
995 1382 1142 1477 relegare
1153 1410 1221 1454 non

150 1499 241 1586 licet,
264 1499 391 1594 quippe
412 1523 482 1592 quo
502 1512 653 1591 tempore
666 1497 735 1589 jam
754 1497 1050 1591 Constantinopoli
1059 1502 1223 1571 Nostrum

150 1613 314 1701 docuisse,
344 1627 438 1680 etex
462 1636 565 1680 uxore
593 1635 715 1704 pueros
736 1609 921 1698 sustulisse,
940 1613 1129 1681 Constantii
1150 1615 1223 1709 epi-

151 1736 236 1805 stola
251 1735 350 1829 plane
367 1734 479 1829 arguit
493 1740 559 1806 :Ol
574 1737 632 1830 γὰρ
648 1729 756 1817 ἐνδεῶς
771 1735 848 1820 οἴκοι
862 1738 1022 1830 πράττων,
1039 1738 1079 1817 εἰς
1098 1742 1153 1814 τὴν
1169 1743 1222 1806 εὐ·

122 1844 125 1850 ”
152 1855 313 1956 δαιμονίαν
341 1871 397 1939 τῆς
419 1861 538 1940 πόλεως
562 1864 806 1956 κατεπέρευγεν·,
833 1859 988 1929 ἀλλὰκαὶ
1013 1863 1133 1953 ἀμελῶν
1165 1875 1223 1933 τοῦ

150 1993 295 2056 πλουτεῖν
318 1988 399 2079 ὅμως
426 1986 485 2053 ὑπὸ
514 1983 617 2064 πενίας
644 1988 679 2053 οὐ
709 1982 856 2055 θλίὸεταε.
888 1970 1055 2078 Εφρόντεσε
1085 1978 1121 2053 δὲ
1149 1987 1222 2080 παρ’

75 2107 78 2111 ’
152 2116 224 2202 ἡμῖν
243 2108 295 2177 καὶ
319 2109 420 2204 γάμου
440 2107 491 2175 καὶ
509 2100 706 2187 παιδοποιίας
733 2113 788 2183 τὴν
813 2099 964 2200 διαδοχὴν
991 2100 1143 2190 σωζούσαις
1165 2121 1222 2179 τοῦ

170 2236 234 2304 ἔνου
327 2285 335 2302 .

148 2262 170 2328 γ
199 2224 635 2442 UioieinduxitePhrygial
649 2345 841 2433 oriundam,
859 2347 885 2416 si
905 2346 1005 2416 modo
1019 2348 1107 2417 recte
1118 2348 1219 2419 intel·

105 2528 107 2532 .
149 2459 285 2531 lexerim
304 2464 403 2532 verba
421 2463 568 2552 Libanii‚
591 2461 763 2547 hocloco,
789 2476 826 2531 ut
845 2459 926 2531 aliis
946 2463 1090 2557 passim,
1108 2460 1221 2556 paullo

151 2587 347 2656 obscuriora
364 2578 463 2656 τᾹλλ’
479 2587 522 2662 εἴη
540 2589 656 2662 ταύτην
671 2591 708 2681 γε’
724 2614 773 2657 σοι
790 2592 846 2665 τήν
860 2590 997 2684 γαστέρα
1015 2590 1220 2680 κληρονόμους

152 2719 262 2798 τεκεῖν,
280 2711 332 2780 καὶ
351 2715 394 2803 μὴ
416 2719 506 2802 μόνον
527 2722 582 2790 τῆς
602 2710 721 2797 οὐσίας,
737 2709 883 2785 ἀλλὰκαὶ
902 2722 960 2790 τῆς
984 2711 1107 2805 σοφίας,
1129 2716 1165 2789 ἢν
1181 2707 1220 2792 δὴ

150 2840 297 2927 λειμῶνος
314 2837 534 2927 ποικιλωτέραν
547 2825 689 2901 δεικνύων
702 2835 799 2904 ποὶλαι
810 2842 944 2927 κρατεῖς.
963 2835 1002 2901 Εἰ
1016 2835 1071 2927 μὲν
1089 2837 1141 2903 καὶ
1151 2839 1221 2918 τοὺς

152 2959 253 3028 τοῦτο’
268 2984 316 3026 σοι
333 2961 537 3050 καλουμένους
549 2961 604 3025 οὐκ
620 2949 702 3027 οἶδα·
719 2959 747 3026 οἱ
762 2961 884 3052 ῥήτορες
899 2950 934 3025 δὲ
948 2961 1120 3051 ἡττήμεθα.
1136 2964 1220 3039 Τέως

151 3082 205 3173 μὲν
224 3077 275 3149 οὖν
289 3091 328 3174 τῇ
345 3081 465 3175 Φρυγίᾳ
482 3081 706 3172 συνίχαιρον,ἣ
730 3082 782 3149 καί
801 3107 836 3148 σε
854 3081 906 3149 καὶ
922 3083 995 3161 τοὺς
1017 3082 1133 3178 γάμους
1156 3075 1221 3150 ἐδί-

151 3196 238 3282 ξατο.
253 3209 317 3274 Νῦν
334 3195 369 3269 δὲ
386 3213 424 3296 τῇ
441 3208 557 3298 μεγάλῃ
576 3203 680 3287 πολει,
695 3208 728 3271 σε’
746 3230 781 3271 τε
798 3200 996 3299 οἱπολαὸούσῃ
1017 3206 1070 3272 καὶ
1086 3212 1219 3299 προςλα-

149 3321 246 3420 δούσῃ
267 3329 324 3402 τὴν
336 3327 471 3418 νύμφην·
488 3319 645 3420 μακαρίζω
665 3319 700 3395 δὲ
718 3328 770 3396 καὶ
783 3330 838 3396 τὸν
859 3331 915 3396 οὐκ
931 3328 1065 3407 ἀπόντος
1090 3354 1143 3397 σου
1164 3331 1220 3403 τὴν

151 3451 286 3545 μεγαλην
323 3447 471 3543 ὀψόμενον
508 3450 619 3535 πόλιν,
651 3452 700 3519 ὅτι
730 3454 825 3528 αὐτὴν
852 3451 948 3530 ὅντως
983 3448 1093 3541 ὄψεται
1120 3453 1220 3547 μεγαί-

148 3580 258 3648 λην....
274 3609 327 3623 -
345 3573 450 3665 Epist.
482 3563 629 3665 οίρίρβ)
656 3575 759 3641 Socer
792 3570 981 3665 profitendi
1005 3569 1220 3669 philosophia

158 3835 161 3840 .
192 3784 233 3859 (1)
254 3783 551 3861 uranxvtpaoo.

86 3896 88 3900 ·
194 3880 234 3959 (a)
255 3882 324 3958 Pag.
337 3900 385 3937 ar.

194 3979 234 4054 (3)
256 3979 322 4036 llaec
334 3977 478 4036 scribendi
490 3979 671 4036 occasionem
685 3975 854 4034 scholiastes
870 3979 995 4044 Bemh‘n.
1017 3977 1057 4059 ita
1072 3976 1220 4037 edisserit:

150 4074 354 4146 1Ζητοῦντοςτδν
367 4074 512 4152 Θεμίστιον
531 4080 578 4132 τοῦ
601 4071 728 4134 Athenion
754 4071 844 4140 τόκους
867 4071 985 4148 καινοὺς,
1005 4073 1049 4141 οὓς
1072 4072 1171 4134 ἔτικτεν
1195 4078 1220 4134 ἐν
