2752 4688
612 261 787 322 ..42-

167 399 318 497 ἐφηόους,
333 404 386 471 καὶ
403 399 436 482 ἐξ
454 397 573 496 ἐφόύων
590 403 630 481 εἰς
649 393 779 494 ἄνδρας,
792 402 844 473 καὶ
858 397 891 483 ἐξ
904 395 1022 496 ἀνδρῶν
1040 405 1080 483 εἰς
1099 408 1239 504 τουτῖτύ

165 537 261 621 γῆρας
279 535 318 621 τῇ
334 538 389 610 τῆς
407 528 524 603 πόλεως
548 525 648 618 εὐνοίρ
671 518 906 600 συνδιελιίλακα.
924 564 976 579 --
987 512 1033 605 Ἐξ
1049 526 1163 624 ἐκείνου
1184 539 1238 606 τῆς

166 649 354 745 προστασίας
372 652 488 728 ταύτης
509 650 672 741 ἡπτόμην,
692 644 724 727 ἐξ
750 652 824 717 ότου
851 675 888 740 με
913 644 1088 742 πρεσύεόειν
1113 651 1154 729 εἰς
1182 655 1237 726 τύν

168 763 306 862 ἀοίδιμον
333 760 445 866 ῥώμην
473 778 708 867 ἐχειροτονεῖτε·
736 765 770 850 ἐξ
800 770 913 840 ἐκείνου
939 765 1155 866 προσκηδόμην
1182 786 1239 843 τοῦ

168 887 288 989 δόμου,
304 891 339 975 ἐξ
356 899 431 965 ὅτου
447 899 484 966 τὸ
503 899 671 990 σιτηρέσιον
691 900 883 991 ἐπανήγαγον
897 890 953 975 ’ἐξ
975 873 1088 965 ἐκείνου
1111 909 1169 977 τῆς
1186 925 1239 992 γε·

168 1018 290 1112 ρουσίας
312 1022 490 1112 προύνόουν,
509 1016 542 1098 ἐξ
559 1023 634 1088 ότου
653 1020 707 1087 τὸν
725 1018 900 1115 κατάλογον
915 1026 976 1089 τῶν
995 1026 1151 1116 ὁμογενῶν
1170 1022 1240 1089 ἀντὶ

170 1145 257 1238 μόλις
272 1143 451 1237 τριακοσίων
471 1147 619 1238 ἐπλόρουν
638 1144 678 1222 εἰς
694 1135 874 1236 διςχιλίους·
890 1145 937 1238 ἐφ’
952 1143 992 1211 ὧν
1013 1136 1069 1211 δόο
1082 1145 1135 1237 μὲν
1160 1147 1194 1212 αἴ
1205 1172 1240 1214 τε

168 1273 285 1360 χαλκαῖ
298 1263 385 1362 παρὰ
400 1258 483 1335 δυοῖν
501 1267 734 1361 αὐτοκρατόρων
745 1266 867 1353 εἰκόνες,
884 1265 973 1361 τιμαί
981 1260 1017 1336 δὲ
1035 1273 1064 1336 ἐν
1079 1269 1241 1364 γράμμασι

170 1385 343 1486 διωλόγιαι,
363 1418 391 1460 κ.
410 1419 442 1460 τ,
456 1398 491 1458 λ.
511 1381 573 1484 (1).

218 1509 268 1575 Εκ
296 1503 355 1574 itte
383 1505 548 1594 oratione,
570 1504 659 1574 inter
679 1503 742 1573 alia
767 1488 886 1591 molta,
917 1520 1059 1600 apparet
1084 1506 1240 1575 Themis·

160 1616 270 1709 tium,
287 1619 678 1716 &Theodosiolegatum
692 1621 837 1690 Romam
848 1620 971 1689 iteriim
984 1620 1148 1690 invisisse.
1163 1622 1241 1710 Quat

171 1734 213 1804 de
230 1760 265 1805 re
282 1734 483 1829 legationem
504 1735 636 1824 obierit,
654 1733 791 1828 prorsim
807 1735 985 1805 incertum.
1012 1739 1085 1806 Jam
1106 1732 1189 1805 veri>
1206 1737 1240 1804 in

173 1849 391 1920 Occidentem
402 1848 617 1947 proficiscens
630 1851 814 1944 imperator
821 1847 1033 1944 philosopho,
1045 1849 1114 1944 jam
1127 1875 1241 1920 senec·

173 1980 245 2034 tute
262 1965 430 2054 confecto,
448 1965 631 2034 Arcadium
652 1963 758 2033 filium
776 1964 1022 2035 instituendum
1043 1964 1194 2060 reliquit,
1210 1981 1243 2034 et

172 2106 286 2151 eorem
305 2094 423 2149 senatu
436 2106 476 2150 ac
493 2078 620 2176 populo
636 2080 732 2148 enixe
749 2079 1010 2150 commendavit.
1032 2079 1135 2169 Quod
1151 2104 1244 2176 egre-

173 2196 235 2290 giae
245 2194 426 2271 voluntatis
446 2197 569 2291 pignus
587 2220 687 2264 senex
701 2213 870 2265 recreatus
882 2193 1065 2264 celebravit
1078 2197 1242 2266 Oratione

172 2313 309 2397 xv1113
327 2336 431 2405 eaque
450 2311 611 2404 tanquim
629 2334 753 2404 cycnea
768 2336 833 2379 vox
850 2309 916 2378 fuit
933 2309 1081 2380 hominis
1095 2311 1244 2380 disertis·

173 2429 249 2497 simi
271 2441 380 2530 τΔεύρ’
397 2437 460 2520 ἴθι,
482 2433 506 2521 ᾧ
528 2437 595 2529 φιλε
614 2443 690 2518 παῖ,
709 2436 760 2507 ἐπὶ
772 2447 834 2503 τῶν
850 2439 932 2529 ἐμῶν
954 2429 1077 2514 καθίζου
1090 2439 1242 2531 γονάτων,

174 2563 255 2640 όπως
267 2557 305 2627 άν
320 2587 352 2628 σε
362 2562 479 2629 ἐκείνων
492 2564 634 2654 γεύσαιμι
646 2570 706 2658 τῶν
715 2552 949 2654 παιδευμάτων,
960 2559 1012 2627 καὶ
1026 2557 1241 2652 άναθρέψαιμι,

175 2690 234 2778 οὐχ
248 2689 344 2779 ὥςπερ
361 2691 378 2753 ό
399 2678 503 2763 Φοίνιξ
518 2685 571 2752 τὸν
590 2673 740 2776 Ᾱχιλλέα,
760 2691 830 2751 σῖτα
850 2685 902 2752 καὶ
920 2681 982 2774 ὄψα
1005 2684 1140 2776 ἐπάγων,
1164 2682 1244 2751 ἀλλὰ

175 2816 302 2902 τροφεῖα
316 2811 478 2901 ταρίχων,
505 2805 526 2878 ἃ
546 2808 622 2901 μόνη
641 2800 779 2886 σκευάζει
795 2808 959 2900 φιλοσοφία
975 2815 1038 2885 τοῖς
1055 2808 1132 2885 νέοις
1149 2811 1239 2892 βασι·

173 2937 270 3019 λεῖοι,
283 2931 337 2999 καὶ
350 2930 420 2998 είσω
434 2941 490 3009 τῆς
507 2935 718 3024 αὐτοκρατούς
736 2931 868 3016 ἡλικίας,
880 2932 994 3027 λόγους
1010 2929 1182 3024 ἐγκάρπους
1194 2929 1247 2999 καὶ

175 3050 309 3144 ὑψηλοὺς
328 3055 380 3121 καὶ
399 3052 584 3147 ὠφελίμους,
606 3054 658 3122 καὶ
677 3060 814 3122 παλαιῶν
836 3058 911 3122 κλία
925 3055 1175 3147 αὐτοκρατόρων,
1201 3052 1246 3132 οίς

176 3184 277 3273 Κῦρος
297 3185 313 3246 o‘
336 3182 430 3274 μέγας
458 3179 595 3271 ἐτράφη,
624 3179 676 3245 καὶ
700 3180 830 3272 Μάρκος
848 3185 864 3245 ὁ
885 3180 1011 3261 κλεινύς,
1036 3179 1087 3245 καὶ
1110 3179 1205 3256 Τίτος
1230 3184 1247 3245 ό

174 3311 329 3398 γενναῖος,
356 3301 448 3370 οὐτὸ
472 3303 617 3395 λαμπρὸν
634 3303 685 3369 καὶ
708 3305 788 3395 μέγα
808 3304 902 3370 ἐκεῖνο
923 3309 1017 3395 ῥῆμα,
1040 3305 1089 3369 ότι
1115 3306 1247 3394 τήμερον

94 3519 96 3523 ,
176 3433 231 3495 οὐκ
242 3423 436 3514 ἐόασίλευσα,
453 3418 561 3495 οὐδένα
574 3425 633 3522 γὰρ
648 3424 680 3494 εὐ
694 3426 835 3501 ἐποίησα.
852 3419 1197 3522 Συμπαιδαγωγόσουσι
1212 3419 1249 3493 δέ

178 3576 210 3617 σε
226 3554 277 3618 καὶ
297 3551 431 3618 Πλάτων
447 3557 463 3619 ὐ
477 3552 604 3634 κλεινὸς,
626 3549 678 3618 καὶ
699 3557 715 3618 ὐ
730 3552 886 3630 θεσπέσιος
910 3541 1131 3643 Ᾰριστοτίλης,
1151 3547 1180 3617 οῖ
1195 3552 1248 3618 καὶ

176 3676 229 3743 τύν
261 3677 356 3769 μέγαν
383 3664 573 3768 Ᾰλέξανδρον
604 3667 850 3771 ἐπαιδαγώγουν,
872 3676 924 3743 καὶ
941 3668 973 3752 ἐξ
994 3665 1111 3750 άδηλου
1135 3673 1250 3767 χωρίου

176 3803 276 3892 κόριον
292 3798 435 3870 ἐποίησαν
462 3801 534 3876 ὅλης
558 3809 613 3876 τῆς
631 3808 697 3892 γῆς.
715 3785 778 3865 Eion
796 3798 881 3867 οὗτοί
904 3825 936 3866 οε
957 3795 1174 3892 ἐκθρέψωνται,
1197 3799 1251 3866 καὶ

218 4017 254 4094 (ι)
276 4013 496 4089 01·a1.xxxtV‚
510 4037 537 4095 μ.
554 4016 623 4085 456.
