2752 4688
433 622 616 740 PARS
664 625 1010 743 SECUNDA.

229 1151 440 1222 Adumbrato
452 1177 514 1246 pro
522 1153 648 1222 viribus
656 1168 690 1222 et
701 1151 862 1221 doctrinae
873 1166 997 1221 nostrae
1004 1177 1093 1246 penu
1104 1155 1254 1225 Themis·

182 1268 230 1336 tio
239 1283 387 1356 oratore,
401 1281 553 1362 superest
564 1267 634 1362 jam
647 1283 685 1336 ut
702 1266 909 1362 desophistd
923 1268 1098 1341 disseram.
1112 1269 1252 1340 Publica

177 1380 272 1449 enim
291 1404 352 1474 per
373 1380 486 1452 officia
503 1405 523 1451 a
542 1380 684 1450 doeendi
699 1406 851 1470 munere,
873 1406 915 1451 ue
937 1385 1095 1477 proveeta
1113 1375 1250 1476 quidem

179 1506 278 1564 aetate
295 1508 346 1564 est
358 1495 536 1566 abductus.
552 1499 596 1565 Et
614 1494 658 1567 ad
675 1495 919 1589 pertexendam·
933 1494 1022 1565 illam
1037 1499 1149 1590 operis
1172 1522 1251 1593 par-

182 1623 248 1677 tem
269 1611 340 1704 ipse
365 1611 454 1679 haud
477 1636 582 1704 pauca
607 1611 774 1699 conferet3
799 1610 912 1680 desua
926 1611 1015 1679 enim
1041 1614 1173 1681 ratione
1190 1612 1250 1682 do·

182 1724 279 1794 cendi
301 1726 468 1795 uberrime
485 1727 608 1819 passim
632 1726 774 1794 disserit.
801 1725 866 1795 Sed
882 1749 952 1811 rem
966 1749 1197 1820 aggressurus,
1211 1727 1252 1796 de

184 1841 312 1908 ratione
332 1839 523 1910 scholarum
538 1855 571 1909 et
584 1841 823 1938 magistrorum
840 1839 1046 1928 conditione,
1060 1840 1169 1935 qualis
1189 1840 1252 1912 fuit

64 2042 71 2049 .
182 1953 501 2045 Themistianoaevo,
513 1980 620 2050 pauca
630 1955 780 2049 praefari,
793 1955 887 2050 operi
896 1955 1086 2026 conducere
1094 1932 1250 2025 aibitror.

678 2192 759 2281 51.

231 2403 440 2499 Eloquentia
457 2405 568 2475 studia
581 2430 622 2475 ex
641 2404 797 2476 libertate
813 2419 887 2475 orta
908 2420 942 2474 et
962 2404 1107 2494 exculta,
1128 2405 1254 2475 brevis-

85 2575 89 2582 .
183 2519 269 2587 simo
291 2520 453 2613 temporis
470 2520 580 2613 spatio
605 2521 728 2590 mirum
753 2519 787 2587 in
814 2519 952 2589 modum
976 2533 1174 2604 creveruut;
1193 2545 1253 2588 nee

181 2633 250 2728 jam
275 2632 372 2702 facite
400 2633 544 2703 dixerim
570 2635 696 2735 quanta
722 2616 967 2703 existimatisne
992 2633 1147 2729 vigerent
1177 2633 1254 2702 rbe-

186 2761 297 2832 tores,
326 2762 454 2842 quauto
477 2749 586 2817 Graeci
607 2748 761 2816 homines
779 2747 898 2816 ardore
916 2745 1099 2842 flagrarent
1118 2746 1253 2817 mirabi-

185 2859 251 2931 lius
270 2860 458 2932 elaboratas
472 2861 628 2930 audiendi
643 2860 923 2948 declarnatioues3
937 2860 1039 2955 quam
1060 2859 1182 2954 cupide
1205 2858 1256 2928 di·

184 2974 280 3042 cendi
301 2975 443 3044 artificio
460 2973 642 3063 inhiarent,
661 2977 763 3067 quarn
782 2976 930 3044 suaviter
950 2975 1142 3044 orationum
1161 2972 1256 3044 leno·

184 3091 281 3159 ciniis
294 3090 526 3160 detinerentur
538 3089 600 3188 (1).
617 3094 739 3185 Itaque
751 3089 892 3160 liberum
908 3091 942 3159 in
956 3089 1120 3160 habendis
1132 3089 1257 3159 scholis

227 3312 267 3391 (ι)
290 3311 433 3385 Mirabile,
451 3313 530 3392 quod
550 3314 587 3373 de
602 3314 733 3394 sophista
746 3314 907 3374 Preaeresio
920 3313 1031 3370 victore
1049 3313 1180 3380 meminit
1193 3307 1256 3371 Eu-

185 3412 288 3490 uapius
302 3430 310 3470 :
337 3411 437 3468 Cuncti
450 3413 503 3488 qui
517 3415 652 3484 aderant,
666 3408 699 3469 τὰ
715 3409 810 3494 στερνὰ
823 3413 870 3469 τοῦ
881 3412 1006 3488 σοφιστοῦ
1019 3406 1255 3487 περιλιχμησάμε·

185 3529 225 3566 vot
236 3507 354 3587 καθάπερ
368 3505 520 3586 ἀγάλματος
533 3505 635 3580 ἐνθέου,
653 3520 729 3582 ete,
747 3503 1001 3565 circumlambenda
1015 3504 1148 3580 sophistae
1156 3517 1257 3580 peetus

185 3607 266 3662 uelut
280 3609 463 3662 simulacrum
483 3608 605 3679 aiicujus
624 3606 689 3677 dei,
710 3607 764 3662 alii
783 3605 890 3680 pedes,
913 3604 969 3660 alii
985 3621 1088 3658 manus
1108 3603 1255 3659 deoscula-

186 3699 290 3759 bantur
300 3719 310 3760 .·
330 3704 461 3758 nonnulli
480 3706 582 3772 deum,
603 3703 721 3777 quidam
732 3702 870 3760 Mercurii
881 3702 1050 3776 eloquentia.»
1061 3699 1198 3774 proesidis
1209 3711 1256 3770 ty-

184 3819 255 3878 pum
267 3797 465 3858 nominabant.
487 3832 527 3842 —
544 3800 608 3859 Non
623 3796 712 3858 modb
729 3796 909 3877 plaudebant
925 3815 1022 3867 manu,
1040 3793 1090 3854 sed
1109 3794 1256 3874 tripudia·

188 3894 260 3956 bant
273 3894 429 3967 audiendo,
439 3896 653 3968 subsultabant‚
675 3908 768 3954 vestes
781 3916 847 3954 suas
860 3893 1053 3953 excutiebant.
1068 3892 1115 3952 Cf.
1135 3895 1256 3966 Europ.

189 3999 218 4054 iu
232 3996 298 4052 Vita
304 3993 415 4051 Iuliani
426 3995 510 4070 Sapis.
524 4027 563 4040 -
577 3992 678 4052 Libum
693 3996 723 4050 iu
737 3997 802 4050 Vita
815 4014 879 4063 sicu,
900 4013 930 4070 p.
945 3993 991 4062 87.
