2752 4688
597 420 638 430 -
664 385 705 448 20
731 400 778 429 -·

152 529 220 621 περὶ
235 532 307 618 ἐμοῦ
325 529 523 620 φαυλότερον.
539 512 610 620 θγὼ
628 518 662 593 δὲ
677 524 848 601 ἡπίστησα.
868 527 930 594 Καὶ
944 525 1035 595 ποίλιν
1055 533 1157 623 ἔτερος
1171 535 1227 600 τὸν

153 653 245 718 αὐτὸν
265 644 383 742 ἐκόμιζε
395 651 489 744 λόγον
503 701 511 732 ,
526 653 585 745 ἐγὼ
600 641 636 716 <ll
647 647 683 724 ἦν
703 655 720 715 ὁ
737 649 838 727 αὖτίς.
855 649 967 741 Τρίτος
982 651 1032 718 καὶ
1050 644 1102 721 dt&
1122 655 1227 748 μοίχης

151 776 278 868 ἔφασκεν
297 776 390 843 ελθεῑν
410 800 477 857 σοι,
499 776 617 860 βοηθεῖν
637 773 705 866 ἐμοὶ
725 772 918 864 βουλόμενος.
947 777 1068 844 Τοῦτον
1089 770 1152 854 ἤθη
1172 781 1228 862 οιαὶΙ

150 903 344 993 μελαγχολᾷν
360 900 517 992 ἡγοίμην,
536 900 588 966 καὶ
611 910 655 988 τῷ
674 896 816 990 περὶτῆς
834 897 936 990 μοίχης
951 899 1064 990 κόμπῳ
1083 902 1136 967 τὸν
1156 901 1227 994 περὶ

151 1020 347 1115 βλασφημίας
366 1023 494 1117 ἀναιρεῖν
510 1023 615 1117 λόγον.
633 1022 687 1100 Τίς
701 1017 759 1116 γὰρ
773 1024 855 1087 οὕτω
872 1022 1002 1117 θρασὺς,
1023 1028 1063 1102 ὡς
1078 1019 1226 1092 &vuett-

150 1172 216 1214 πειν
239 1154 284 1233 τῷ
305 1143 372 1233 Ad}
384 1186 433 1197 -·
452 1145 555 1238 Epist.
571 1145 630 1214 60.
652 1145 704 1214 Cf.
721 1145 777 1232 64.

197 1263 305 1328 Tanta
324 1259 451 1328 veroin
471 1283 582 1328 rerum
603 1262 838 1354 prosperitate,
859 1274 1076 1354 temperatam
1089 1261 1226 1356 sapien·

127 1375 196 1446 ¹tid
216 1388 363 1443 mentem
387 1376 544 1458 servavit,
564 1400 674 1468 neque
697 1375 813 1446 inanes
833 1375 989 1473 concepit
1012 1376 1129 1460 fastus,
1152 1378 1225 1472 ipsa
1303 1429 1306 1433 ·

150 1492 286 1560 fortunat
311 1489 440 1577 melior,
463 1516 498 1559 re
521 1516 590 1559 non
616 1491 718 1561 vecbo
740 1507 798 1562 aut
826 1491 928 1585 pallio
951 1491 1047 1561 tenus
1071 1492 1224 1586 philoso-

150 1607 247 1702 phus.
273 1604 460 1674 Liberalem
484 1607 572 1675 enim
599 1606 758 1694 indolem,
782 1631 928 1700 pronum
951 1605 993 1674 ad
1008 1608 1223 1701 exsequenda

150 1721 304 1792 amicitiae
322 1745 463 1791 munera
476 1724 640 1804 animum,
655 1723 764 1791 verbis
777 1724 868 1792 haud
884 1720 1051 1817 ambiguis
1062 1723 1224 1815 praedicat

151 1845 236 1939 saepe
255 1841 410 1912 laudatus
424 1844 608 1913 Libanius:
627 1851 720 1941 Σύρος
735 1850 789 1940 μὲν
806 1854 821 1917 ὁ
837 1845 961 1940 ἄριστος
976 1835 1141 1934 Ῐοολιανὸς,
1157 1851 1224 1942 χαί-

152 1997 209 2066 ρων
229 1960 265 2037 dt
283 1975 354 2064 παρ’
367 1976 454 2063 ἡμῶν
473 1977 512 2049 ὡς
530 1976 609 2062 ὑμᾶς
627 1971 783 2068 ἠπείγετο.
803 1965 1023 2064 Θαυμάζοντος
1043 1963 1077 2039 δὲ
1092 1978 1166 2065 ἐμοῦ
1185 1975 1223 2042 τὸ
1275 1994 1277 1998 ‘

151 2095 218 2187 μετ’
230 2089 371 2186 εὐθυμίας
386 2091 499 2161 οἰκόθεν
516 2089 627 2161 ἄλλοσε
645 2096 784 2189 τρέχειν,
800 2097 842 2188 μὴ
864 2086 1043 2186 θαύμαζε,
1062 2095 1136 2188 ἔφη·
1158 2107 1223 2164 τοῦ

150 2227 284 2286 καινοῦ
303 2214 524 2312 γὰρτοιίτοο
545 2217 752 2312 Θεμίστιος
768 2217 906 2301 αἴτιος,
928 2217 1124 2284 ίλκωνκαὶ
1139 2245 1223 2314 γοη-

151 2344 279 2426 τεύων,
293 2339 354 2408 καὶ
367 2339 508 2433 μεγοίλα
520 2341 738 2435 παρατιθεὶς
753 2342 831 2408 ἔνια
847 2339 910 2408 καὶ
925 2337 1093 2430 μουσικοί.
1112 2344 1224 2411 Ταῦτα

151 2465 268 2533 ἀκούων
290 2462 446 2558 ἠγάσθην,
466 2462 518 2530 καί
535 2489 587 2556 μοι
608 2456 711 2543 ἔθοξεν
731 2464 825 2558 ὀρθῶς
845 2465 933 2556 ἔχειν.
950 2449 978 2529 ί)
997 2463 1051 2554 μὲν
1067 2463 1125 2557 γὰρ
1142 2491 1224 2559 χρη-

115 2638 119 2644 -
147 2588 228 2680 ’σμὸς
243 2579 331 2680 ἀνδρὶ
344 2589 496 2681 Πελασγῷ
515 2590 616 2655 πᾶσαν
637 2590 726 2679 ἔφησε
743 2597 798 2682 γῆν
818 2583 892 2653 εἶναι
908 2577 1058 2680 πατρίδα,
1082 2575 1155 2681 Εγὼ
1175 2580 1224 2674 δὲ,

152 2709 179 2777 εί
193 2737 245 2802 μοι
259 2709 427 2805 προςθεῒναι
441 2709 541 2801 θέμις,
560 2716 661 2780 πᾶσαν
680 2721 758 2804 γῆν,
778 2714 806 2779 ἐν
823 2709 845 2786 d
862 2709 1040 2802 Θεμίστιος,
1061 2713 1157 2779 παντὶ
1175 2738 1224 2806 φι·

149 2832 271 2928 λολιίγῳ
291 2833 381 2926 φαίην
396 2830 431 2900 θεν
448 2829 522 2900 εἷναι
540 2828 690 2925 πατρίδα.
705 2874 755 2884 -
767 2833 874 2925 Epist.
892 2855 961 2900 tttt.
984 2830 1036 2901 Cf.
1053 2829 1110 2902 60.

647 3045 726 3137 §a

200 3260 278 3327 Non
295 3256 364 3325 veri
379 3270 430 3325 est
443 3253 595 3324 absimile
607 3256 841 3342 Themistium‚
858 3280 898 3323 ex
916 3280 986 3348 quo
1000 3252 1172 3326 lulianum
1188 3259 1224 3327 in

151 3370 350 3444 Nicomedia
369 3369 452 3438 urbe
470 3369 659 3439 auditorem
690 3368 860 3456 habuerit,
893 3393 970 3439 eum
986 3371 1082 3465 regio
1108 3370 1224 3452 adole·

152 3502 266 3558 scente
296 3511 355 3581 per
381 3486 620 3555 commercium
643 3484 832 3555 litterarum
858 3483 1011 3553 eamdem
1041 3485 1224 3557 amicitiam
1302 3563 1305 3569 ,

151 3601 284 3688 aluisse,
312 3624 387 3694 quae
415 3597 577 3669 Basilium
612 3598 699 3667 inter
728 3597 977 3691 Libaniumque
1000 3593 1087 3668 adet>
1116 3597 1227 3669 fertur

150 3716 308 3810 uiguisse,
331 3728 370 3782 ut
395 3739 436 3782 ne
461 3700 508 3782 illi
534 3713 670 3806 quidem
695 3711 847 3781 offecerit
872 3712 908 3780 in
934 3711 1099 3813 eligendis
1119 3736 1175 3811 aa:
1192 3712 1255 3819 'p‘
1285 3703 1314 3723 Γ

151 3828 338 3900 dissidium.
360 3831 457 3899 Hanc
475 3848 539 3923 ego
563 3829 761 3897 sententiam
785 3825 920 3922 colligo,
948 3816 1140 3931 primitpnssj‘

150 3955 218 4024 sius
229 3951 401 4022 Themistii
416 3950 457 4019 de
475 3948 610 4021 Juliano
628 3951 756 4019 verbis:
777 3943 903 4031 Αἰθοῐος
920 3932 1177 4055 &ww

93 4073 101 4090 ⁸
149 4076 347 4172 αὐτοκράτωρ
367 4077 418 4146 καὶ
433 4078 534 4153 πάσης
560 4071 643 4154 ἄξιος
663 4080 782 4170 μνημης
807 4079 954 4170 εὐφιίμοο.
971 4076 1061 4177 Οῃθ
