2752 4688
164 271 1191 750 rennisrro

421 850 923 1061 'sorfflsrn
1060 1017 1062 1023 ,

605 1171 707 1253 *nr

345 1377 460 1456 APUD
487 1376 785 1455 IMPERATORES
810 1383 1022 1476 ΟΗΑΤΟΒΕ.

588 1623 789 1653 κδ’-

451 1890 627 2004 PARS
670 1891 913 2005 PRIMA.

615 2282 728 2456 ,μ

200 2544 427 2632 Tlremisti'us‚
458 2548 508 2616 vir
534 2547 606 2617 tiam
632 2544 851 2640 philosophie
880 2539 979 2616 laude
1006 2545 1221 2635 clarissimus,

153 2660 226 2729 tbm
252 2684 334 2731 vero
361 2661 562 2756 eloquentiae
586 2661 676 2732 famil
702 2662 788 2731 adeo
816 2661 987 2756 quondam
1010 2660 1155 2750 celeber,
1185 2675 1224 2731 ut

152 2777 333 2880 Εὐφραδοῦς
351 2802 542 2878 cognomen
559 2770 689 2872 tulerit,
703 2777 839 2875 quandb
858 2783 892 2849 in
910 2779 1021 2850 lucem
1040 2781 1083 2850 sit
1097 2781 1221 2869 editus,

146 2899 277 2992 judicio
294 2898 373 2968 satis
390 2913 483 2968 certo
500 2923 688 2969 asseverare
706 2898 832 2982 ausim,
854 2895 1018 2993 siquidem
1040 2898 1150 2992 ipsum
1165 2923 1225 2968 au·

150 3028 279 3082 ctorem
296 3036 335 3085 ea
353 3013 394 3083 de
418 3037 455 3084 re
472 3028 593 3083 testem
612 3014 715 3083 citare
737 3011 816 3082 licet
834 3010 1149 3081 luculentissimum.
1171 3013 1227 3082 Et·

151 3128 295 3198 enimin
314 3130 479 3218 oratione,
501 3153 603 3223 quam
623 3149 655 3199 a.
683 3129 752 3226 347
777 3127 821 3198 ad
840 3127 1076 3197 Constantium
1094 3126 1224 3212 habuit,

151 3243 301 3337 ejusdem
312 3268 383 3312 sese
395 3269 472 3314 cum
487 3247 687 3339 imperatore
696 3242 803 3312 aetatis
814 3266 884 3312 esse
896 3237 1086 3335 innuit(1).
1103 3235 1224 3334 Itaque

150 3356 228 3426 clim
257 3359 475 3428 Constantius
494 3374 593 3428 natus
621 3359 664 3427 sit
693 3357 870 3431 Gallicano
903 3371 938 3425 et
968 3359 1071 3424 Basso
1100 3378 1222 3424 consu·

140 3470 252 3559 libus,
271 3473 448 3544 Themistii
469 3497 606 3568 quoque
629 3472 755 3543 natales
775 3471 817 3542 ad
837 3470 992 3541 eumdem
1012 3494 1139 3538 annum
1153 3467 1223 3565 317

148 3610 225 3656 aerae
244 3585 390 3683 vulgaris
403 3586 624 3683 probabiliter
640 3587 785 3661 referas„

195 3748 236 3827 (ι)
257 3749 345 3810 Τοῦτο
363 3747 396 3821 δή
417 3772 460 3810 σοι
475 3748 550 3832 παρὰ
568 3748 724 3833 φιλοσοφίας
742 3746 910 3823 ἡλικιώτιδος
928 3745 959 3806 τὸ
981 3744 1106 3826 ἀνάθημα
1127 3748 1224 3821 ἀληθι-

153 3843 208 3918 νὸν,
221 3844 267 3905 καὶ
282 3846 376 3907 ἄδολον
391 3846 437 3906 καὶ
448 3847 593 3930 ἀκήρατον.
618 3851 651 3910 Ρ.
670 3851 715 3920 ι8,
736 3848 783 3907 ed.
800 3844 959 3918 narduin„
975 3865 1033 3923 qua
1045 3865 1099 3903 nos
1113 3860 1226 3924 semper

153 3954 271 4003 utimur.

1039 4073 1045 4083 ·
1097 4047 1108 4106 l
