2752 4688
579 395 733 458 „9-

106 558 231 617 ῖσαντας
300 540 334 604 οὐ
352 537 410 631 γαίρ
428 539 492 602 ἐστι
508 536 644 630 χαρίτων
663 539 774 630 ἕρημος
795 542 952 616 παντελῶς
971 545 990 616 ἡ
1009 535 1188 629 φιλοσοφίας
1245 623 1246 626 ρ

118 665 216 745 αὐλὴ,
236 652 308 728 οὐδὲ
334 661 558 733 ἀποσκηνοῦσιν
587 661 618 725 αἱ
645 659 710 727 θεαὶ
732 660 835 754 σίρρω
861 686 919 728 που
949 671 1009 728 τῶν
1035 661 1187 752 ἡμετέρων

67 869 71 874 ¹
116 782 281 874 pauculae,
317 775 385 850 οὐδ’
420 779 455 849 ἂν
484 786 651 875 στίσαιμέν
679 808 757 851 ποτε
788 789 856 876 ὑμῖν
884 786 975 876 χορὸν
1003 781 1190 876 ἀμοιροῦντα

116 909 269 999 σώφρονος
291 899 421 992 ἡδονῆς,
447 904 529 973 ἀλλὰ
549 910 604 982 τὴν
635 894 813 1000 Ᾰρροιλίτην
841 907 888 974 ἀεὶ
915 909 1096 999 συμπλέκειν
1119 913 1188 984 ταῖς

113 1033 252 1108 Μούσαις
266 1030 534 1125 προθνμησίμεθα·
550 1023 682 1138 ἀδελφαὶ
697 1028 756 1126 γὰρ
770 1033 911 1106 ἀλλήλων
928 1030 978 1098 καὶ
993 1021 1185 1108 ἀσπάζονται

113 1157 170 1229 τὴν
190 1155 347 1222 κοινωνίαν
370 1143 433 1246 (1).
451 1152 652 1222 Suavissimal
672 1153 736 1222 lule
754 1153 900 1250 imagine
917 1153 1041 1222 Noster
1057 1165 1090 1218 et
1113 1148 1185 1218 elo·

105 1268 285 1362 ¹quentiam
303 1292 395 1336 suam
414 1266 518 1335 nitide
529 1282 564 1337 et
586 1267 626 1336 ad
647 1270 760 1337 vivum
779 1269 899 1362 pinxit,
914 1264 1081 1360 simulque
1093 1264 1188 1333 disci·

113 1381 213 1476 plinae
235 1383 399 1452 rationem
424 1382 613 1452 delineavit.
803 1397 806 1401 ’

156 1501 229 1566 Jam
251 1496 423 1567 videamus
443 1497 483 1566 de
498 1513 650 1594 tempore
665 1523 733 1592 quo
752 1497 956 1568 Nicomediae
974 1497 1137 1566 docuerit.

156 1612 319 1680 Libanius
335 1612 482 1705 quidem,
496 1616 532 1680 in
550 1612 688 1707 epistola
703 1613 746 1683 ad
756 1609 989 1698 Themistium,
1011 1636 1112 1705 quam
1127 1613 1187 1678 Ju-

115 1726 205 1796 liano
226 1727 413 1821 imperante
433 1728 588 1820 suspicor‘
604 1741 789 1816 exaratam,
809 1741 952 1796 testatur
971 1752 1007 1798 se
1024 1752 1083 1820 per
1100 1725 1186 1794 duo·

113 1839 220 1909 decim
232 1840 301 1933 jam
321 1865 427 1909 annos
443 1843 602 1911 Nostrum
617 1840 740 1910 habere
757 1839 955 1912 familiarem
968 1840 1033 1935 (a).
1044 1842 1185 1908 Praeter-

113 1979 151 2025 ea
168 1955 317 2048 ejusdem
340 1955 472 2026 Libanii
490 1955 531 2024 de
554 1957 621 2025 vita
647 1980 707 2026 sua
726 1957 893 2027 Oratione
913 1955 1075 2026 doeemur
1091 1953 1187 2024 illum

113 2072 223 2140 Nicaea
254 2071 483 2140 Nicomediam
507 2073 646 2158 venisse,
672 2072 753 2166 ipsis
777 2073 796 2141 ὲ
820 2071 1185 2155 curiatibusexcitum,

114 2187 203 2254 circa
216 2211 249 2256 a.
267 2184 350 2273 346,
366 2201 467 2281 atque
485 2186 532 2255 ibi
552 2212 613 2280 per
629 2211 736 2256 annos
751 2188 902 2280 quinque
920 2185 1121 2280 eloquentiae
1133 2182 1186 2256 lu·

104 2300 195 2368 -dum
217 2299 449 2369 moderantem
470 2299 640 2369 habitasse
669 2297 735 2396 (3).
763 2299 897 2393 Collato
926 2300 1031 2395 igitur
1057 2296 1185 2394 duplici

111 2415 246 2486 Libauii
260 2414 464 2500 testimonio,
476 2413 624 2509 legitime
642 2415 766 2483 inferre
778 2414 855 2484 licet
870 2440 911 2483 eo
931 2412 982 2483 vel
1003 2415 1075 2508 ipso
1096 2438 1185 2482 anno

114 2529 199 2619 346,
219 2527 269 2598 vel
289 2525 403 2623 paulli)
418 2531 527 2612 antea,
541 2530 741 2599 Nicomediae
759 2530 979 2601 Themistium
999 2529 1034 2598 in
1053 2528 1183 2599 Acade·
1206 2530 1208 2532 ’

107 2645 179 2712 -miel
191 2639 353 2729 docuisse,
366 2659 398 2714 et
412 2670 489 2714 cum
502 2646 645 2714 Libanio
656 2644 784 2740 collegia
797 2645 908 2714 iniisse
919 2645 1104 2715 amicitiam
1118 2643 1173 2739 (Δ)

112 2765 186 2854 Ego
209 2759 346 2854 quidem
367 2760 438 2852 jam
466 2773 544 2827 ante
568 2784 600 2828 a.
628 2757 710 2844 346.
730 2760 795 2828 hoc
817 2759 966 2828 evenisse
991 2758 1185 2846 statuerim3

104 2899 191 2957 nam
209 2901 248 2944 ex
264 2875 457 2970 longissima
476 2873 581 2968 ipsius
595 2873 639 2944 ad
656 2875 880 2945 Themistium
899 2873 1054 2968 epistola,
1078 2871 1185 2944 Julia-

114 3015 194 3060 num
219 3005 351 3060 constat
375 2989 556 3060 Themistii
582 2989 771 3059 auditorem
798 2990 909 3074 fuisse,
942 2989 1033 3084 quod
1063 2988 1185 3059 nullibi

114 3104 322 3174 commodius
339 3105 439 3198 quam
458 3105 659 3173 Nicomediae
673 3119 770 3198 putes
784 3105 945 3191 evenisse,
958 3103 1016 3172 ubi
1028 3100 1196 3172 Julianus

153 3327 194 3407 (1)
219 3331 298 3389 Orat.
313 3327 415 3400 XXIV,
430 3347 459 3406 p.
472 3329 539 3387 301.

152 3423 195 3505 (a)
219 3424 357 3492 Διδάσκεις
371 3447 405 3503 με
427 3423 555 3507 περὶτῶν
573 3429 672 3484 σαυτοῦ
689 3424 813 3507 τρόπων,
833 3428 870 3491 ὡς
888 3425 918 3484 οὐ
934 3421 1076 3495 δυνηθέντα
1090 3427 1183 3501 μαθεῖν

111 3526 139 3583 ἐν
151 3522 220 3583 οὕτω
233 3525 324 3607 πολλῷ
344 3520 432 3605 χρόνῳ
447 3521 575 3580 δώδεκα
598 3519 713 3581 ίτεσιν
728 3527 813 3600 οἶμαι.
834 3522 897 3581 Lib.
912 3521 1004 3599 Soplt.
1020 3521 1103 3599 epist.
1116 3523 1183 3592 703,

112 3621 158 3681 ed.
175 3618 262 3681 Wolf.

151 3717 193 3792 (3)
215 3718 247 3777 P.
263 3716 312 3788 36,
332 3717 380 3788 38,
393 3716 464 3774 edit.
480 3717 573 3775 Reisk.

151 3814 189 3890 (Δ)
211 3813 297 3870 Venit
312 3811 407 3870 adme
422 3812 601 3884 Themistius,
623 3833 659 3871 ex
668 3833 727 3890 quo
741 3814 849 3872 certior
861 3813 953 3869 lacteis
965 3832 1038 3885 sum,
1053 3810 1106 3869 tibi
1119 3831 1186 3869 cum

112 3911 244 3969 Eustolio
259 3910 355 3968 nescio
369 3910 439 3986 qa'id
459 3911 518 3968 odii
532 3911 723 3981 intercedere,
736 3910 766 3968 id
779 3909 858 3988 quod
877 3929 913 3966 eo
929 3909 1000 3967 milri
1020 3908 1075 3966 luit
1098 3908 1187 3966 mole-

111 4009 201 4077 stius,
222 4003 301 4084 quod
328 4007 441 4083 utrique
466 4007 717 4084 conjunctissimus
741 4026 803 4066 sum
813 4049 820 4077 ,
857 4019 911 4064 etc.
940 4005 1031 4082 Epist.
1060 4003 1187 4063 Libauii.

111 4105 174 4164 aa.
192 4104 243 4176 ru,
261 4112 306 4172 ιι.
