2752 4688
613 321 788 384 ..55-

173 450 328 537 incubet,
351 448 593 543 hominumque
615 453 806 520 societatem
820 449 970 544 fugiens,
991 475 1064 518 eam
1084 450 1242 544 pauxiliis

170 565 352 635 admodum
369 565 593 658 impertiatur,
609 566 731 634 nedum
748 566 819 660 ejus
832 566 962 658 copiam
977 564 1076 634 faciat
1096 566 1239 660 populo,

172 702 205 756 et
223 685 323 782 louge
340 687 474 781 iateque
492 688 710 758 disseminet:
739 672 817 758 ὅσοι
844 693 920 783 πρός
951 717 984 758 τι
1015 697 1242 784 ἐναμιλλῶνται

169 814 298 910 γνησίως
313 838 347 882 τε
364 815 416 883 καὶ
431 814 596 899 ἀληθινῶς,
609 816 662 883 καὶ
675 817 793 889 ταύτην
809 817 953 909 τρέφουσι
967 818 1024 889 τήν
1039 807 1136 882 ὠδῖνα
1151 822 1181 887 ἐν
1200 827 1241 911 τῇ

171 937 273 1032 ψυχῇ,
298 938 384 1008 οὗτοι
413 931 604 1018 ἀσπάζονται
629 939 682 1006 καὶ
717 940 922 1035 γανιίσκονται
939 928 999 1006 καὶ
1028 936 1242 1032 ἐμπίπλανται

171 1071 348 1155 χαρμονῆς,
366 1065 429 1148 ὅσῳ
454 1057 489 1128 ἀν
507 1055 629 1129 λάθωσι
655 1060 777 1142 πλείους
802 1063 962 1139 κοινωνούς
981 1087 1015 1129 τε
1038 1062 1090 1129 καὶ
1111 1063 1242 1147 βοηθοὺς

170 1184 220 1256 ἀπὶ
234 1189 289 1260 τήν
303 1183 395 1278 θήραν
408 1194 470 1251 τῶν
487 1175 659 1251 παιδικῶν·
677 1190 769 1279 ὁρῶσι
782 1182 840 1278 γὰρ
854 1183 907 1252 καὶ
921 1189 951 1251 ἐν
967 1192 1034 1263 ταῖς
1050 1180 1172 1277 ἄγραις,
1191 1189 1242 1252 ὄτι

170 1319 215 1395 τῷ
235 1309 288 1398 μὲν
310 1309 394 1375 κατὰ
413 1309 508 1399 μόνας
528 1307 745 1400 ἰχνηλατοῦντι
767 1299 899 1402 ἐργῶδες
921 1311 1054 1400 ἐντυχεῖν
1074 1315 1120 1394 τῷ
1133 1308 1242 1401 θηρίῳ,

171 1439 235 1510 τοῖς
257 1431 377 1498 πλείοσι
394 1423 429 1498 δὲ
444 1438 520 1524 ὁμοῦ
539 1434 719 1526 κυνηγέταις
739 1435 808 1524 ρᾷον
827 1431 1008 1525 κατάφωρος
1029 1435 1155 1508 ήεθνή·
1174 1432 1242 1499 ἔστι

173 1547 209 1622 δι’
222 1581 282 1622 που
300 1555 351 1621 καὶ
368 1558 398 1621 ἐν
417 1563 463 1641 τῷ
487 1553 651 1648 κυνηγεσίῳ
675 1564 732 1633 τῆς
752 1554 894 1633 ἀληθείας
917 1551 1019 1622 πολλὰ
1034 1546 1176 1621 διίσθατα
1192 1554 1244 1621 καὶ

173 1678 306 1763 ἐπίσκια,
318 1678 369 1745 καὶ
382 1685 428 1764 τῷ
444 1679 513 1745 καθ’
528 1679 619 1745 αὑτὸν
633 1678 772 1769 μετιόντι
786 1669 1031 1770 δυςδιερειίνητα,
1048 1679 1093 1770 ἐρ’
1109 1673 1130 1742 ἀ
1145 1677 1244 1770 ἀνάγ·

173 1828 210 1877 κη
238 1802 359 1882 πλείους
387 1800 447 1893 ἀρα
470 1808 570 1869 καλεῖν
600 1804 801 1894 συνθηρευτάς
829 1827 863 1868 τε
890 1803 940 1869 καὶ
971 1805 1242 1894 συλλήπτορας...

173 1915 250 1993 Ᾱλλ’
270 1931 328 2017 οὐχ
348 1927 375 1992 οἱ
392 1920 554 2017 παράξενοι
577 1923 659 1992 οὗτοι
678 1926 729 1992 καὶ
747 1927 945 2019 παράσημοι,
965 1953 995 1993 κ.
1016 1953 1049 1993 τ.
1064 1932 1096 1992 λ.
1113 1914 1178 2016 (1).
1190 1960 1245 1972 -

175 2032 407 2107 Perhumanus
422 2037 501 2104 saue
519 2043 650 2105 orator!
665 2052 699 2106 et
716 2038 817 2130 quim
838 2037 952 2124 laetus,
971 2051 1099 2132 quantu
1113 2039 1245 2132 insper-

175 2176 231 2222 sus
247 2150 376 2246 lepore!

224 2265 385 2336 Praeclare
403 2263 503 2336 modi)
528 2269 632 2363 inepti
653 2285 687 2338 et
708 2268 812 2337 invidi
831 2269 988 2362 sophistae
1008 2292 1117 2336 mores
1142 2267 1248 2336 iaces-

178 2381 292 2468 sebat3
316 2407 406 2451 nunc
419 2381 503 2451 salse
521 2381 637 2451 irridet
656 2381 851 2451 eorumdem
864 2382 1061 2478 jacta-utiam
1081 2394 1115 2448 et
1128 2379 1246 2474 loqua-

176 2497 332 2584 citatem,
357 2498 452 2592 cujus
473 2497 649 2590 strepitum
676 2496 788 2566 nullus
810 2493 922 2587 locus,
955 2512 1085 2589 tempus
1115 2494 1248 2565 nullum

177 2645 388 2715 compescere
409 2636 509 2715 queat
533 2647 540 2689 :
568 2624 712 2692 Χαλεπὸν
738 2624 791 2715 μὲν
810 2617 863 2691 καὶ
886 2631 1082 2716 χρηματιστῇ
1110 2625 1250 2717 συγγενέ-

178 2746 270 2830 σθαι,
298 2739 386 2816 οὐδὲν
412 2748 545 2816 ἐθιλοντι
568 2751 697 2817 ἐπαινεῖν
722 2748 788 2815 ἀλλ’
815 2745 834 2820 ἢ
861 2747 914 2814 τὸν
941 2753 1096 2830 πλοῦτον,
1128 2745 1182 2812 καὶ
1210 2743 1251 2813 τὰ

178 2864 312 2961 κυμθία,
342 2872 394 2939 καὶ
420 2868 461 2938 τὰ
493 2870 588 2965 ῥυτὰ,
617 2870 669 2938 καὶ
686 2875 741 2946 τήν
761 2872 940 2963 πορφύραν,
965 2868 1017 2936 καὶ
1049 2866 1091 2936 τά
1122 2867 1250 2962 χρυσία·

179 2993 372 3062 ἀποκναίσειε
395 2986 423 3060 δ’
441 2989 477 3060 ἀν
494 2995 546 3061 καὶ
562 2997 755 3088 στρατιώτης
769 2988 901 3081 ἀλαζὼν,
927 2993 980 3060 καὶ
999 2987 1060 3070 οίσς
1079 2998 1109 3060 ἐν
1126 3002 1167 3086 τῇ
1184 3019 1252 3060 κιοφ

180 3110 303 3209 μῳδίορ·
327 3118 395 3184 ἀλλ’
421 3109 508 3184 οὐδὲν
535 3122 616 3184 οὕτω
640 3123 791 3211 πλήσμιον
805 3117 856 3184 καὶ
878 3120 1022 3210 ἐμποιοῦν
1042 3117 1160 3190 πολλὴν
1175 3142 1254 3184 ναυ-

180 3242 263 3328 τίαν,
282 3249 321 3321 ὡς
337 3243 373 3309 τὸ
387 3237 520 3335 άγαοθαι
538 3241 589 3309 καὶ
603 3242 811 3336 ὑπεράγασθαι
824 3239 981 3334 ἀγχίνοιαν
1004 3265 1038 3306 τε
1056 3245 1179 3324 ἑαυτοῦ,
1199 3239 1254 3308 καὶ

180 3364 328 3451 ὀξύτητα,
348 3366 399 3434 καὶ
412 3363 584 3459 εὐμάθειαν,
603 3367 655 3434 καὶ
672 3364 894 3457 πολυμάθειαν,
915 3364 966 3430 καὶ
987 3365 1119 3456 μνήμην,
1144 3359 1256 3448 βιθλία

182 3488 217 3562 δὲ
234 3488 455 3587 ἐξαριθμεῖσθαι
475 3494 555 3559 τόσα
567 3491 619 3558 καὶ
633 3492 713 3558 τόσα
728 3500 783 3557 τοῦ
795 3479 1017 3583 Ᾰριστοτέλους
1032 3486 1050 3560 ἢ
1066 3487 1253 3570 Πλάτωνος,

182 3619 229 3686 ἀεί
249 3642 284 3684 τε
306 3610 345 3692 δή
363 3617 414 3683 καὶ
430 3620 473 3707 ἐρ’
487 3617 615 3697 άπαντι,
638 3610 694 3680 κάν
716 3613 954 3704 συλλουσόμενον
975 3617 1169 3704 παρακαλῇς,
1195 3607 1254 3680 κάν

183 3734 443 3818 συνδειπνήσοντά
460 3737 547 3835 άγης.
564 3731 649 3808 Οὐδὲ
665 3744 833 3828 προςειπεῖν
851 3737 922 3812 τοὺς
935 3737 1096 3814 τοιούτους
1109 3714 1181 3801 ἀνευ
1196 3746 1256 3816 τῆς

184 3859 355 3959 δυςχερείας
377 3867 490 3943 ταύτης
522 3864 671 3955 ὑπάρχει,
698 3863 763 3928 ἀλλ’
781 3862 864 3939 εὐθὺς
888 3866 1002 3950 ὑπηχεῖ
1022 3859 1057 3927 τὸ
1079 3850 1258 3942 Δοδωναῒον

225 4081 262 4169 μ)
284 4082 367 4140 Οιιι.
382 4079 457 4148 ΧΧΙ,
469 4098 497 4168 p.
512 4077 578 4138 255.

213 4183 217 4190 ι
