2752 4688
576 422 752 486 429...
840 466 843 472 Δ

180 549 279 619 Lenis
292 550 348 620 illa
365 565 398 640 et
414 548 586 644 aequabilis
600 553 704 634 animi
721 555 896 650 sententia,
920 555 961 624 ab
978 554 1154 626 hominnm
1171 573 1203 626 et

131 669 253 738 civium
290 669 444 740 violanda
475 669 648 740 voluntate
677 670 892 761 alienissima,
934 672 1029 744 nullo
1065 675 1201 769 quidem

131 800 282 878 tempore
298 784 459 883 vulgaris,
483 810 554 854 aevo
568 800 681 855 autem
695 787 870 857 Themistii
883 813 1029 883 perrara.
1048 791 1203 870 Liberta-

130 914 197 968 tem
218 898 307 987 fidei,
330 904 393 996 pro
415 899 558 968 fortunae
579 900 728 987 vicibus,
750 905 907 971 contenta
933 929 1013 974 voce
1032 905 1204 1001 flagitave-

130 1029 337 1103 runt‚‚nunc
357 1015 495 1101 ethnici,
517 1040 608 1084 nuuc
625 1016 828 1107 Christiani3
852 1043 919 1089 uon
941 1016 1032 1113 qubd
1049 1019 1202 1103 alterutri

130 1126 294 1198 libertatis
323 1155 438 1199 curam
466 1155 516 1211 ex,
532 1130 645 1199 animo
673 1147 851 1227 gererent,
876 1134 933 1203 sed
965 1149 1017 1222 ut,
1041 1149 1201 1229 tanquam

130 1243 226 1313 factis
247 1244 413 1337 induciis,
439 1246 685 1319 internecivum
711 1247 753 1315 ad
779 1246 904 1317 bellum
929 1248 993 1318 tela
1016 1274 1203 1344 rnanusque
1319 1235 1320 1238 Ἴ

25 1380 28 1385 ’
131 1385 302 1464 pararent.
320 1373 436 1440 Unum
452 1369 630 1440 illavirum
647 1370 799 1457 decebat,
820 1397 921 1466 quem
939 1377 1056 1469 κόσμου
1070 1375 1201 1452 πολίτην

130 1482 356 1580 appellaverat
382 1487 619 1573 Constantius3
643 1510 729 1554 unus
759 1487 848 1555 enim
877 1486 970 1557 illam
993 1514 1061 1558 non
1088 1514 1203 1560 amore

130 1599 210 1668 ficto
232 1599 531 1695 prosequebatur(
558 1602 583 1690 ).

179 1714 244 1783 Sed
269 1731 307 1783 ut
330 1716 372 1782 sit
400 1714 476 1782 finis
500 1713 706 1803 delineandae
734 1739 885 1809 personae
907 1733 1016 1809 'quam
1043 1718 1077 1786 in
1107 1733 1202 1788 tauto

43 1832 45 1837 ’
115 1815 312 1897 Ι’σειίειιιιίιισ
342 1829 538 1898 sustinuerit
562 1828 778 1918 Themistius,
799 1830 969 1900 notandus
994 1833 1094 1902 ctiam
1114 1833 1202 1927 ejus·

130 1943 204 2013 dem
225 1945 387 2012 orationis
406 1935 511 2014 locus.
532 1946 580 2013 Ut
598 1945 689 2011 eninr
707 1944 848 2019 ethnicis
868 1945 1117 2016 concedendam
1133 1972 1204 2018 esse

130 2080 300 2127 sacrorum
328 2058 517 2129 libertatem
535 2074 659 2145 censet,
675 2059 722 2126 ita
744 2074 834 2129 vetat
860 2085 903 2128 ne
917 2060 1075 2130 fruantur
1099 2063 1138 2130 ea
1155 2063 1206 2130 iu·

130 2182 362 2251 cantationum
384 2183 554 2250 institores
570 2195 604 2251 et
624 2180 767 2249 artifices
790 2183 1058 2277 praestigiarum:
1077 2193 1139 2253 τῶν
1154 2189 1204 2256 ἄν·

129 2305 284 2399 θρωπίνων
301 2307 422 2401 ἀγαθῶν
439 2306 561 2394 ἐκοίστιμ
580 2305 686 2380 ἀπάτη
706 2304 758 2373 καὶ
777 2312 959 2399 φενακισμθς
985 2308 1203 2404 παραπίπηγε,

130 2575 287 2634 clementer
307 2598 370 2636 esse
386 2578 550 2637 tractandos
562 2622 570 2650 ,
583 2578 635 2656 qui
652 2589 776 2656 parent;
793 2596 858 2654 quae
872 2579 931 2636 duo
947 2577 1044 2656 capita
1055 2576 1122 2640 cdm
1144 2582 1200 2642 late

129 2685 262 2751 pateant,
291 2674 339 2734 hic
355 2696 507 2735 recensere
520 2695 579 2734 non
597 2695 672 2754 opus
733 2675 764 2732 Si
777 2671 876 2746 fidem,
900 2674 942 2732 uti
961 2694 1014 2752 par
1031 2676 1103 2749 fuit,
1120 2673 1200 2737 The·

129 2771 226 2829 mistio
243 2770 374 2830 habuere
388 2773 535 2850 principes
550 2773 677 2847 romani,
696 2771 718 2828 si
734 2782 867 2841 senatus,
890 2770 914 2828 si
929 2771 1039 2829 Oriens'
1055 2785 1131 2831 totus
1146 2795 1201 2836 suo

130 2864 209 2924 bono
224 2865 358 2926 adhibuit
371 2868 542 2942 Tbernistio,
564 2887 617 2925 cur
629 2887 682 2925 uos
698 2885 863 2924 recusemus
877 2885 945 2922 sana
965 2865 1042 2924 illius
1056 2870 1200 2932 consilia?

129 2982 194 3040 quae
208 2964 301 3023 sinon
316 2965 466 3023 invenient
480 2966 585 3037 iocum,
601 2984 653 3022 nos
664 2963 700 3022 de
714 2963 879 3041 pervicacia
893 2965 995 3044 nostra
1010 2965 1200 3041 accusabunt,

130 3058 318 3121 damnabunt.
333 3089 345 3114 υ
361 3063 447 3122 Praef.
462 3063 510 3124 ed.
524 3064 550 3122 T
551 3062 629 3122 bem.

77 3182 84 3195 ·
169 3158 208 3238 (ι)
232 3160 384 3219 Libaninm
401 3161 485 3235 adde,
499 3160 583 3240 cujus
598 3181 656 3219 non
673 3179 789 3239 possum
807 3157 879 3236 quin
902 3160 1071 3234 praeclaram
1087 3162 1200 3238 episto·
1291 3242 1294 3247 Ι

130 3251 187 3315 iam
200 3255 248 3316 bic
264 3249 426 3317 exscribam
438 3281 446 3318 t
458 3257 673 3319 Ἐσπουδακέναι
686 3255 734 3335 μέν
748 3278 777 3315 σε
791 3254 854 3336 περὶ
864 3252 924 3320 τοὺς
936 3252 1017 3328 θεοὺς,
1028 3254 1075 3314 καί
1088 3257 1202 3327 πολλοὺς

129 3354 166 3420 εἷς
180 3350 239 3420 τοὺς
257 3352 363 3414 ἐκείνων
384 3353 495 3434 εῑςοίγειν
513 3353 609 3431 νόμους
631 3350 775 3433 βουλοίμην
800 3349 851 3425 θν,
868 3348 905 3427 μὴ
931 3346 1021 3428 μέντοι
1040 3352 1200 3429 θαυμάζειν,

13 3481 15 3486 ·
129 3450 154 3512 εί
164 3474 203 3517 τις
216 3454 269 3511 τῶν
283 3451 344 3532 ἄρτι
357 3451 504 3513 τεθυκότων
524 3448 607 3510 δεινόν
624 3474 665 3524 τι,
677 3449 693 3510 θ
706 3448 826 3531 ἔδρασεν,
840 3445 955 3526 ἐνόμισε,
968 3446 1015 3506 καὶ
1029 3445 1109 3508 πόλιν
1124 3450 1200 3510 ἐπαι-
1239 3440 1244 3449 ³

128 3557 177 3623 νεῖ,
190 3546 222 3608 σθ
235 3547 272 3627 μὴ
287 3547 365 3607 θθειν.
386 3543 461 3617 'Ebu
473 3546 522 3628 pbr
534 3547 585 3629 γάρ
606 3569 649 3606 σοι
666 3545 800 3605 πείθονται
816 3541 849 3601 τθι
864 3541 959 3622 ἄριστα
981 3542 1199 3621 συμθουλεθοντι,

129 3645 176 3704 καί
188 3643 378 3727 προςέρχονται
391 3647 504 3724 βωμοῖς,
529 3643 598 3703 οίκοι
610 3643 639 3703 tt
652 3640 719 3722 γυνὴ
738 3641 784 3700 καὶ
801 3639 903 3720 δάκρυσι
917 3635 962 3697 καί
975 3636 1018 3707 νθξ
1035 3642 1198 3716 μεταπείθει,

128 3743 173 3803 καί
186 3745 350 3822 τῶνβωμῶν
368 3746 485 3825 ἀποσπᾷ.
509 3740 634 3808 Εθσέόιος
649 3741 702 3800 δέθ
716 3739 766 3813 τὴν
780 3737 868 3829 etrier
886 3735 987 3808 λαθὼν,
1003 3737 1102 3820 deriput
1114 3738 1200 3802 σοθτὰ

128 3840 280 3914 πονηθέντε·
296 3838 409 3912 λύσειεν,
434 3839 641 3922 ἐσυκοφάντησεν
662 3841 799 3921 φανερῶς,
822 3835 868 3896 καί
889 3832 981 3920 πόῤῥιν
1000 3839 1048 3907 τῆς
1072 3837 1198 3920 μέμψεώς

129 3938 239 3999 ἐστιν
256 3941 313 4000 Νῦν
330 3930 373 3996 σόν
389 3934 408 4007 ἢ
422 3935 533 4008 ποίησον
547 3936 680 4015 ἐλεύθερον
694 3939 741 3994 τοῦ
752 3933 835 4016 μόθου
850 3931 895 3992 τὸν
909 3931 1057 4012 ἄνθρωπον,
1072 3930 1090 4002 ἢ
1104 3932 1199 4003 ἐξαιτεῖ

129 4038 192 4116 παρ’
203 4038 276 4113 ἐμοῦ.
297 4034 367 4117 Παρ’
378 4034 438 4112 ἐμοὶ
452 4032 502 4114 γάρ
515 4035 595 4092 ἐστιν.
612 4023 700 4110 Οἶμαι
712 4029 743 4089 δέ
756 4032 803 4090 οὐκ
815 4028 921 4089 ἔσεσθαι
935 4028 1091 4111 φαυλότερος
1104 4029 1200 4111 Ἀδμή-

130 4146 185 4203 του,
200 4156 260 4194 κε.
273 4135 297 4191 λ.
321 4133 412 4210 Epist.
429 4132 493 4205 73⁰·
506 4160 547 4176 -
567 4127 611 4187 Cf.
630 4129 713 4200 1057.
