2752 4688
602 313 778 377 ...53-

161 455 273 548 ἔχεινγῖ
292 452 502 548 προθησετον·
519 458 572 522 τὸν
590 447 624 522 δὲ
641 456 775 546 οἰόμενον
793 453 845 520 καὶ
859 446 956 544 μεῖζόν
976 478 1007 520 τι
1032 457 1134 547 ἕτερον
1154 460 1229 522 ὄνει·

163 585 352 671 ροπολοῦντα
366 581 450 646 κάτω
468 605 528 646 πον
548 580 613 645 ἐστὶ
635 580 824 662 πλανᾶσθαι,
847 569 918 645 οὐδὲ
937 578 1069 645 ἀνελθεῖν
1096 579 1136 656 εἰς
1155 581 1230 647 ἰκτί-

66 769 77 787 .-
161 727 212 776 νην
241 707 296 777 την
325 700 469 786 σκοπιάν,
494 703 512 775 ἢ
534 698 772 792 ὑψηλοτάτητέ
797 706 862 778 ἐστι
890 700 941 768 καὶ
966 704 1150 792 ὑπερκύπτει
1175 703 1231 770 τὸν

161 821 301 915 οὐρανόν·
318 825 396 889 ἔνθεν
416 828 448 891 οὐ
468 826 558 914 μόνον
579 822 687 919 γῆκαὶ
700 823 844 891 θάλαττα
862 818 1005 901 ἄποπτος
1027 827 1132 905 πάσα,
1151 824 1231 890 ἀλλὰ

162 947 213 1013 καὶ
231 952 246 1012 ὁ
265 948 368 1039 θρόνος
387 950 483 1042 αὐτοῦ
508 957 563 1015 τοῦ
582 949 661 1027 Διὸς,
677 949 728 1014 ιιαὶ
749 953 767 1021 ἡ
788 945 913 1021 ἀληθινὴ
938 939 1102 1040 προεδρία,
1127 947 1178 1014 καὶ
1200 949 1231 1013 αἱ

161 1070 260 1163 ’πηγαὶ
275 1080 330 1137 τοῦ
349 1073 507 1164 νέκταρος,
526 1072 608 1139 καὶὸ
628 1075 742 1162 λειμὼν
760 1081 814 1148 τῆς
833 1060 1035 1162 ἀμθροσίας(
1062 1060 1088 1161 ).

211 1181 301 1249 Ι)ἰιιη
322 1183 355 1249 in
370 1206 489 1250 vanam
506 1186 764 1252 ostentationem
783 1183 904 1250 intenti
918 1182 1087 1276 sophistae,
1103 1182 1234 1270 Iaudes,

165 1294 300 1389 plausus
315 1298 458 1365 maxime
472 1311 731 1390 aucuparentur,
746 1322 883 1366 suorum
901 1297 1096 1365 auditorum
1112 1299 1236 1366 Noster

76 1471 80 1478 ,
163 1420 340 1488 utilitatem
358 1420 522 1490 duntaxat
535 1421 708 1490 affectasse
723 1422 889 1514 praedicat.
904 1406 973 1516 Ᾰρα
1000 1422 1095 1489 οἴεσθέ
1122 1449 1178 1514 με,
1209 1418 1233 1488 ὦ

163 1538 284 1636 ἀνδρες,
304 1536 430 1623 ἐπιδεῶς
455 1547 568 1637 ἔχοντα
590 1545 637 1612 ἔτι
656 1547 767 1638 κρότου
789 1571 823 1611 τε
846 1546 899 1612 καὶ
927 1538 1169 1636 ἐμίομθνῐσεων,
1187 1535 1232 1633 Ῐῶν

164 1661 303 1756 δαψιλῶς
327 1694 379 1758 μοι
399 1667 524 1736 εἰώθατε
541 1675 682 1760 χορηγεῖν
703 1673 871 1752 ἑκάστοτε,
887 1669 961 1733 ὅταν
981 1671 1082 1759 λέγω,
1102 1672 1233 1762 τη’μερον

164 1792 301 1882 ἀγεῖραι,
318 1792 370 1858 καὶ
384 1786 533 1865 ἀναθῆναι
548 1791 598 1857 ἐπὶ
618 1801 671 1857 τοῦ
686 1794 844 1881 βήματος,
863 1789 930 1882 ἐμοὶ
949 1782 984 1856 δὲ
998 1783 1059 1863 att
1077 1793 1132 1882 μὲν
1150 1783 1237 1875 δοκεῖ

164 1909 250 1999 εἶναι,
266 1914 318 1980 καὶ
331 1921 445 1982 πολλοῦ
458 1909 541 1992 ἀξιον
558 1912 712 2005 ἀκουσμα,
731 1916 853 1991 ἔπαινος
873 1905 986 1992 ἀδολος
1003 1913 1054 1980 καὶ
1071 1913 1234 1996 ἀληθινὸς,

101 2123 103 2126 y
164 2042 266 2114 ὁποῖος
285 2043 301 2102 ὁ
325 2043 397 2128 παρ’
414 2042 498 2128 ὑμῶν
523 2039 651 2125 ἀπαντᾷ
670 2062 723 2127 μοι
746 2036 829 2103 ἀεὶ...
854 2036 924 2102 ἀλλ’
947 2037 1081 2128 ἐγὼμὲν
1110 2037 1234 2128 εἴσειμι,

165 2161 239 2225 ὅταν
251 2160 349 2244 εἰσίω,
360 2162 442 2238 ὅπως
453 2157 488 2225 ἀν
506 2187 537 2226 τι
547 2159 800 2250 νουθετησοιμτ,ἢ
815 2148 1017 2248 διδοίξοιμι,ἢ
1030 2153 1234 2250 προςαξοίμην

165 2287 235 2372 ὐμῖν
252 2264 291 2361 εἰς
306 2284 421 2348 εἰίνοιαν
441 2281 537 2349 πλείω
556 2279 609 2348 τδν
624 2282 812 2373 ἀρχηγέτην,
827 2279 846 2353 ἢ
863 2281 914 2347 καὶ
932 2279 1055 2359 εὐθύνας
1069 2283 1235 2374 ὑπίσχοιμι

165 2395 253 2471 οὐδὲν
273 2394 460 2496 δεομένοις(
485 2392 512 2497 ).

213 2520 286 2585 Jam
303 2541 382 2585 vero
401 2519 607 2586 acommuni
624 2519 851 2612 sophistarum
866 2519 1009 2587 avaritia
1032 2520 1132 2612 quam
1151 2517 1237 2588 alie-

166 2654 229 2698 nus
238 2608 252 2697 I
264 2632 375 2724 Hujus
394 2632 483 2700 enim
503 2633 575 2700 vitii
606 2632 679 2701 tiam
702 2633 808 2725 probe
829 2633 973 2725 vigentis
1001 2629 1084 2701 adei)
1111 2633 1236 2703 foedam

165 2746 347 2840 imaginem
372 2745 545 2840 exprimit,
575 2759 612 2813 ut
639 2745 716 2814 ficta
743 2744 886 2815 Muliero
909 2747 1065 2816 videatur
1095 2744 1169 2840 (3),
1192 2749 1236 2817 ad

165 2866 323 2961 majorem
339 2869 373 2936 in
389 2869 543 2938 inimicos
556 2868 791 2938 concitandam
804 2869 985 2938 invidiam:
1005 2873 1043 2938 Εἰ
1056 2864 1091 2938 δὲ
1106 2865 1145 2948 δη
1158 2898 1235 2964 σνμ-
1281 2917 1288 2934 .

166 2990 237 3068 ίαίη
260 3002 304 3076 τῷ
328 2998 411 3063 οίίτω
433 2997 655 3090 ριλοχρημάτῳ
675 2995 726 3063 καὶ
743 2994 895 3088 ὁμιλητὰς
913 2999 1121 3089 προςρσιτᾷν,
1144 2991 1235 3088 θριξὶν

166 3119 281 3211 ολίγαις
297 3118 432 3211 καθάπερ
450 3119 532 3211 ἰχθῦς
553 3112 790 3203 δελεασθέντας,
808 3118 918 3210 ἰχθύων
933 3122 986 3211 μὲν
1005 3121 1128 3186 ἔσονται
1142 3120 1236 3187 ἀναο-

166 3233 307 3333 δότεροι,
327 3241 432 3334 μισθὸν
452 3234 486 3308 δὲ
514 3246 596 3333 ὅμως
625 3237 815 3335 εἰςπρσίξεται
835 3247 851 3308 θ
868 3233 1058 3320 διδάσκαλος
1077 3251 1133 3320 τῆς
1151 3211 1237 3336 ἀρω-

165 3367 248 3449 νίας,
262 3357 506 3458 διαίριμώμενίς
531 3391 564 3432 τε
590 3364 642 3432 καὶ
665 3368 720 3440 την
744 3356 853 3458 αἰγίδα
875 3362 976 3430 πυκνὰ
992 3365 1152 3449 ἐπισείων,
1181 3391 1235 3457 με·

166 3490 345 3579 ταστρέφων
369 3488 441 3565 τοὺς
465 3497 620 3579 στατῆρας
641 3489 719 3555 ἔνθεν
740 3487 792 3554 καὶ
814 3486 916 3568 ἔνθεν,
937 3489 979 3576 μη
998 3485 1178 3579 παράσημοί
1200 3512 1235 3554 τε

165 3608 215 3675 καὶ
232 3599 354 3694 ἐνδεεῖς,
369 3608 421 3678 καὶ
435 3600 585 3703 παιδάρια
596 3604 732 3702 δνςτυχῆ
749 3609 1039 3702 προςπατταλειίων,
1054 3610 1114 3676 ὑπὸ
1131 3608 1235 3689 πενίας

125 3795 128 3800 Ι
206 3844 244 3923 (ι)
265 3847 345 3904 Orat.
357 3843 460 3916 XXIII,
472 3863 501 3920 p.
516 3845 583 3921 293.
596 3843 642 3903 Cf.
656 3844 725 3918 256,
739 3843 805 3901 251.

205 3942 246 4019 (α)
266 3943 347 4002 Orat.
360 3941 465 4016 XXIII,
482 3961 512 4018 p.
530 3943 597 4000 283.
609 3941 652 4002 ct
666 3942 771 4018 XXIV,
784 3962 812 4018 p.
831 3940 897 3998 315.

208 4038 245 4117 (3)
267 4039 309 4097 De
319 4037 421 4109 Genio,
435 4036 563 4097 moribus
578 4051 607 4096 et
618 4037 687 4096 luxu
701 4038 754 4096 aevi
766 4036 911 4095 Theodos.
929 4037 953 4110 I,
970 4054 999 4114 p.
1015 4038 1062 4094 60.
