2752 4688
621 417 775 477 ..5-

164 545 234 638 gari
258 566 327 612 rem
346 542 505 628 volueris,
525 542 618 636 quod
640 546 665 611 si
681 541 760 612 νενὸ
775 547 810 612 in
827 543 989 612 abstrusis
1010 545 1110 611 etiam
1128 544 1238 611 tenuis

162 681 221 727 ora
240 659 381 752 vestigia
396 655 535 752 legenda
554 682 625 726 esse
643 660 854 742 concesseris,
876 659 924 728 sic
940 658 1075 727 habeto.

209 773 408 868 Complures
432 790 512 843 sunt
528 776 701 845 Themistii
731 776 919 862 orationes,
948 799 1031 868 quas
1055 774 1233 866 juvenem,

162 889 305 958 necdum
326 888 432 983 plenis
456 890 582 984 ingenii
612 889 739 957 viribus
768 885 949 982 pollentem
978 888 1231 982 pronuntiasse,

162 1002 234 1070 tum
245 1027 298 1071 res
309 1006 498 1098 proposita,
512 1003 584 1072 tum
603 1003 736 1097 pondus
746 1002 999 1084 sententiarum,
1014 1017 1121 1070 totum
1141 1001 1237 1069 deni-

160 1141 226 1209 que
252 1117 383 1186 dicendi
407 1142 512 1212 genus
531 1115 720 1187 luculenter
746 1116 946 1212 probet(1).
971 1119 1021 1184 Ex
1049 1117 1102 1184 his
1120 1129 1235 1183 autem

161 1256 263 1300 unam
279 1230 383 1325 liquet
409 1235 566 1301 Nostrum
583 1233 704 1301 dixisse
721 1233 755 1299 in
773 1231 901 1325 oppido
916 1231 1063 1324 quodam
1087 1228 1232 1324 Paphla·

161 1347 278 1439 goniae.
293 1347 403 1415 Verba
422 1346 494 1441 ejus
512 1372 586 1440 quae
601 1347 644 1414 ad
667 1361 816 1416 nostram
840 1371 910 1414 rem
931 1347 1083 1439 proxime
1104 1345 1232 1414 faciunt

159 1471 343 1538 exscribam
365 1496 373 1538 :
400 1473 438 1538 Εἰ
465 1468 507 1538 τὰ
539 1475 696 1566 σώματα,
729 1469 860 1562 inquit,
882 1478 1057 1563 ε’νοσοθμεν,
1077 1473 1128 1540 καὶ
1148 1464 1232 1539 ἐθεά-

159 1594 236 1684 μεθα
255 1604 310 1673 τῆς
328 1594 413 1686 παρὰ
436 1605 492 1663 τοῦ
513 1597 579 1662 θεοῦ
601 1594 757 1680 βοηθείας,
776 1601 792 1662 ὁ
813 1587 848 1662 δὲ
867 1597 997 1662 ἐνταῦθα
1012 1605 1110 1688 παρῆν
1133 1598 1163 1660 ἐν
1185 1603 1231 1681 τῷ.

156 1730 214 1807 νεῷ
233 1719 285 1785 καὶ
307 1728 347 1812 τῇ
368 1720 557 1811 άκροπολει,
585 1719 636 1786 καὶ
664 1725 805 1813 παρεῖχεν
832 1725 937 1787 ἑαυτὸν
957 1726 1021 1797 τοῖς
1047 1721 1225 1812 κάμνουσιν,

157 1846 254 1934 ὥςπερ
273 1834 391 1920 δήποτε
413 1839 464 1909 καὶ
485 1845 630 1935 λέγεται,
650 1843 777 1936 πότερον
798 1840 833 1916 ἦν
852 1844 1014 1952 ἀναγκαζον
1035 1845 1075 1922 εἰς
1094 1849 1227 1937 Τρίκκην
1304 1866 1307 1869 “

157 1957 291 2051 βαδίζειν
312 1965 363 2033 καὶ
381 1957 520 2034 διαπλεῖν
541 1967 582 2044 είς
600 1953 777 2059 Επίθανρον
801 1963 882 2034 κατὰ
904 1970 942 2033 τὸ
967 1970 1096 2036 παλαιὸν
1120 1969 1226 2052 κλέος,

153 2088 171 2162 ἢ
192 2080 248 2156 lto
277 2091 407 2181 βήματα
427 2090 604 2170 κινηθέντος
631 2090 827 2183 ἀπηλλάχθαι
850 2102 906 2158 τοῦ
923 2095 1119 2183 νοσιίματοςρ
1138 2095 1173 2164 τί
1191 2083 1226 2159 δὲ

138 2212 247 2280 ,εἰτοῦ
265 2216 380 2306 πατρὸς
400 2219 496 2281 αὐτοῦ
512 2207 675 2303 ,δεηθέντες
700 2217 848 2308 ἐτύχομεν
867 2217 969 2308 θλίγον
989 2216 1137 2308 πρότερον
1156 2217 1229 2310 χρό-

151 2362 216 2412 νον,
237 2337 327 2411 ἡνίκα
346 2341 380 2404 ἐκ
396 2339 540 2432 γειτόνων
562 2342 618 2412 τὴν
634 2341 785 2430 μαντικὴν
800 2332 1014 2424 ἐπεθείκνυτο;
1030 2335 1090 2432 εἶρα
1106 2336 1141 2407 ἂν
1156 2345 1224 2432 ὑμῖν

48 2457 59 2477 '
152 2458 263 2551 άτιμον
284 2462 380 2552 ἐφάνη
402 2464 437 2529 τὸ
457 2463 670 2556 Παφλαγόνων
695 2463 792 2555 ὄνομα
813 2463 888 2557 πρὸς
914 2464 950 2530 τὸ
972 2469 1097 2554 Δελφῶν
1119 2485 1224 2556 παραυ

102 2589 106 2595 ’
153 2579 318 2671 θάλλουσι,
336 2585 389 2653 καὶ
413 2581 536 2664 ἀνάξιον
559 2597 615 2664 τῆς
637 2587 761 2679 θεωρίας
780 2596 836 2665 τῆς
862 2588 1030 2679 ὑμετέρας;
1055 2597 1130 2684 χρῆν
1159 2585 1223 2671 οὖν,

57 2701 63 2710 “
152 2711 192 2785 ὡς
210 2711 316 2793 ἔοικεν,
335 2709 385 2775 ἐπὶ
407 2710 588 2775 Κασταλίαν
612 2701 752 2776 σπεύδειν
773 2709 826 2776 καὶ
849 2708 891 2775 τὰ
913 2708 1010 2801 σεμνὰ
1033 2713 1222 2801 ὀνόματα...

153 2832 243 2897 αὐτὸν
268 2822 302 2898 θὲ
330 2833 383 2898 τὸν
410 2820 546 2899 Anum
574 2832 843 2923 καταλιμπάνειν,
869 2831 922 2899 καὶ
946 2834 1129 2928 ἀγανακτεῖν
1151 2837 1227 2927 πρὸς

151 2955 256 3039 αὐτὸν,
283 2959 333 3022 ὅτι
356 2951 399 3022 τὰ
427 2958 506 3046 μέσα
534 2955 756 3050 Παφλαγονίας
780 2966 841 3022 τῶν
869 2959 968 3047 μέσων
992 2967 1048 3035 τῆς
1077 2947 1222 3036 Ελλάθος

151 3079 342 3170 προύτίμησε
363 3075 376 3162 (
398 3069 421 3168 l.

197 3191 457 3276 Animadverte,
474 3217 600 3284 quaeso,
618 3192 781 3265 indicium
797 3194 873 3262 loci.
893 3195 1007 3263 Media
1023 3197 1056 3262 in
1077 3193 1218 3287 Paphla·

150 3304 250 3397 goniei
268 3305 369 3373 situm
391 3305 495 3394 dicit,
520 3321 553 3374 et
575 3305 754 3399 AEsculapii
777 3306 857 3375 olim
881 3306 1009 3402 templo
1030 3324 1064 3376 et
1081 3307 1219 3377 oraculo

149 3416 357 3513 inclaruisse.
389 3414 470 3508 Quo
497 3419 567 3488 haec
593 3420 790 3489 reserenda?
820 3424 994 3490 Praeeunte
1019 3421 1217 3509 Harduino,

148 3538 261 3610 nullus
283 3567 344 3635 ego
359 3542 491 3628 dubito,
506 3543 589 3635 quin
605 3528 1036 3613 innuatu1·Abunu·tichos
1054 3535 1220 3636 (Ᾱθώνον-

148 3664 263 3759 τεῖχος)
281 3667 458 3761 oppidum,
476 3692 542 3735 orae
562 3665 647 3735 illud
664 3669 840 3737 maritimae
859 3669 1066 3762 impositum,
1083 3685 1118 3738 et
1138 3669 1217 3739 hinc

146 3777 357 3872 tBithyniae,
380 3780 473 3849 illinc
486 3781 505 3849 'a
523 3783 620 3850 Ponti
642 3781 766 3850 finilxis
785 3785 856 3874 pari
877 3782 1002 3852 distans
1024 3782 1213 3871 intervallo,

188 4007 229 4084 (n
247 3980 348 4079 xxxv,
363 4011 480 4085 xxvn,
497 4012 583 4072 xxx.

187 4104 226 4180 (ι)
248 4107 328 4163 oni.
343 4107 459 4174 xxvii,
474 4126 501 4181 p.
517 4106 581 4163 su.
