2752 4688
589 334 766 397 ..5g...

147 491 245 584 σφίσιν
260 494 396 585 ἀποχρῆν
415 498 613 584 ὑπειλήφασιν
638 500 667 560 ἐν
692 492 786 588 γωνία
805 495 880 586 μόνῃ
898 496 973 588 πρὸς
994 492 1033 561 τὰ
1056 500 1218 589 μειράκια,

146 607 318 708 ψιθυρίζειν,
330 619 445 710 φεύγειν
460 608 547 683 δὲτὰ
560 621 638 706 μέσα
648 628 702 695 τῆς
711 618 839 699 πολεως,
852 615 934 683 κατοὶ
946 618 998 684 τὸν
1009 620 1220 702 Καλλικλέους

147 728 314 829 ὀνειδισμὸν
329 787 376 821 ,...
395 747 466 827 ἡμῖν
487 732 522 806 δὲ
543 742 726 833 προςακτέον
746 739 785 818 εἰς
805 741 842 804 τὸ
859 751 920 832 φῶς
935 743 1006 820 τοὺς
1018 743 1150 836 λόγους,
1169 748 1221 813 καὶ

147 859 335 929 συνεθιστέον
353 863 464 940 αὐτοὺς
484 862 574 954 ὄχλον
595 888 628 929 τε
646 863 816 954 ἀνέχεσθαι,
832 863 883 929 καὶ
897 849 1023 956 θόροὲον
1046 871 1219 958 ὑπομένειν,

146 983 198 1050 ιιαὶ
216 976 317 1075 δήμου
333 991 432 1075 φωνὴν
453 987 680 1080 συγκαθημένου
700 977 712 1074 (
739 975 764 1076 ).

195 1093 359 1166 Consulti)
376 1099 481 1192 igitur
504 1100 633 1168 omissis
648 1097 689 1170 de
708 1100 933 1192 metaphysicd
956 1124 1136 1193 rerumque
1156 1128 1221 1170 ua-

147 1212 225 1281 turd
246 1195 507 1305 quaestiouibust
524 1211 616 1280 illam
635 1209 858 1308 philosophiae
880 1213 1024 1305 speciem
1047 1213 1222 1307 amplexus

147 1351 216 1394 esse
228 1329 352 1397 Noster
363 1326 509 1412 videtur,
523 1351 600 1420 quae
610 1325 652 1393 ad
667 1324 899 1394 informandos
918 1326 1041 1395 civium
1060 1352 1170 1397 mores
1188 1347 1221 1399 et

149 1441 251 1510 totius
277 1441 421 1509 civitatis
438 1441 617 1509 utilitatem
628 1454 803 1534 spectaret.
824 1444 889 1509 Res
906 1467 993 1508 nova
1014 1441 1076 1535 (ο).
1092 1446 1222 1512 Verum

149 1551 256 1623 multi>
274 1554 473 1624 insolentius
500 1556 609 1624 facere
625 1557 715 1624 visus
729 1570 792 1640 est,
812 1555 917 1648 quiim
938 1554 1185 1650 philosophiam
1205 1562 1223 1626 ὲ

150 1668 266 1762 templi
290 1669 516 1763 penetralibus
538 1671 701 1763 tanquum
715 1671 748 1736 iu
767 1668 871 1738 solem
897 1686 929 1738 et
952 1670 1120 1762 pulverem
1139 1698 1223 1741 evo-

150 1809 242 1870 cans,
268 1783 416 1852 collectis
440 1784 588 1878 undique
606 1786 642 1851 iu
661 1785 789 1852 theatra
816 1784 1039 1868 auditoribus,
1064 1788 1223 1879 sophisti-

150 1923 227 1967 cum
243 1900 411 1965 inmunem
429 1924 495 1966 suae
509 1898 846 1991 doctriuaespecimen
858 1898 1010 1968 ediderit.
1030 1902 1223 1973 lnauditum

150 2013 279 2081 facinus
296 2013 469 2106 aegerrime
494 2011 646 2081 tulerunt
664 2013 822 2110 sophistae
841 2012 939 2082 simul
958 2030 991 2082 et
1009 2005 1222 2112 philosophi3

150 2128 280 2223 mugnis
303 2126 505 2196 clamoribus
520 2132 548 2197 T
551 2129 743 2197 hemistium
762 2131 935 2216 insectati,
955 2156 1055 2224 quem
1075 2157 1130 2202 res
1148 2160 1222 2204 mo·

150 2244 235 2314 visse
257 2267 371 2327 novas,
393 2257 426 2311 et
436 2267 529 2336 paeue
548 2242 759 2336 tyrannidem
778 2246 904 2312 inance
927 2247 1140 2314 constituisse
1153 2247 1223 2316 cla·

150 2357 329 2426 mitabant.
358 2361 439 2426 Eam
462 2354 542 2425 vend
564 2357 848 2426 insimulationem
867 2353 950 2426 adel)
974 2384 1043 2428 uon
1069 2362 1224 2454 repudiat

150 2474 286 2558 Noster,
303 2485 476 2540 utcontra
496 2496 609 2539 veram
627 2496 698 2540 esse
717 2472 830 2565 jactet,
851 2472 1049 2541 brevissimo
1067 2500 1147 2545 usus
1169 2502 1224 2546 ar-

152 2599 314 2682 gumento
337 2611 344 2653 :
365 2610 433 2653 uon
455 2584 670 2678 quaerendum
691 2610 762 2653 esse
787 2610 830 2653 an
855 2611 991 2670 novum,
1019 2588 1075 2656 sed
1096 2614 1140 2657 au
1159 2594 1225 2660 uti·

151 2701 216 2770 lem
235 2701 364 2770 civitati
378 2725 506 2768 morem
524 2698 687 2771 intulerit.
711 2701 797 2790 Quis
816 2716 928 2770 autem
943 2703 1137 2798 jure'neget
1152 2708 1225 2800 phi·

152 2816 294 2911 losopho
317 2815 412 2912 quod
431 2816 586 2884 tribuerit
605 2815 738 2910 opifici?
755 2816 851 2903 Inde,
866 2835 1026 2911 quantam
1046 2819 1224 2891 utilitatem

152 2932 279 3000 civitati
298 2931 449 3000 conferat
477 2931 671 2998 institutum
691 2955 710 2998 ο
737 2931 932 3013 seducendi
954 2958 1071 3027 genus,
1088 2937 1226 3006 summt

152 3044 315 3113 orationis
346 3044 562 3114 contentione
598 3043 762 3130 ostendit,
793 3044 944 3114 adhibite
980 3051 1225 3120 sententiarum

151 3168 324 3265 varietate,
342 3183 375 3236 et
393 3167 653 3259 similitudinum
673 3168 803 3238 delectu
820 3173 1010 3267 ιΦιλοσογία
1024 3179 1058 3243 οὐ
1072 3176 1226 3269 σωμάτιον

152 3299 359 3389 ἐπιμελεῖται,
378 3292 422 3373 οἷς
443 3293 484 3362 τὰ
505 3292 607 3362 πολλὰ
619 3286 686 3362 ἴδια
707 3305 769 3363 τῶν
787 3295 989 3387 νοσημάτων,
1013 3298 1093 3367 ἀλλὰ
1112 3296 1227 3393 ψυχαῖς

193 3507 231 3585 (ι)
251 3509 331 3568 Orat.
343 3506 434 3575 xxu,
444 3508 475 3584 p.
489 3508 554 3565 265.
568 3505 613 3566 Cf.
629 3528 658 3585 p.
672 3508 737 3565 280.

192 3604 231 3686 (α)
253 3605 377 3677 Chastel,
393 3608 568 3662 Destructton
581 3607 619 3661 du
629 3607 805 3682 Paguuisme
817 3624 852 3661 en
868 3609 977 3681 Oriens,
994 3627 1025 3683 p.
1039 3608 1095 3664 332
1110 3631 1117 3665 ι
1132 3593 1228 3669 «Pro-

153 3704 228 3774 cius,
248 3701 271 3760 il
283 3714 326 3759 est
338 3701 416 3774 veui,
436 3699 552 3760 invituit
565 3701 770 3779 positivement
781 3721 826 3760 ses
840 3701 1004 3780 disciplestt
1021 3705 1154 3780 l'actiou,
1173 3729 1228 3766 eu.

152 3797 265 3878 gageait
278 3798 402 3856 sesamis
413 3802 430 3856 ὲ
442 3799 614 3857 rechercher
625 3800 667 3856 les
681 3798 906 3876 magistratuum,
922 3820 951 3858 se
963 3801 1062 3860 meluit
1076 3802 1227 3864 lui-meme

152 3896 202 3956 des
216 3895 333 3955 affaires
351 3895 388 3952 de
399 3885 505 3971 t‘Etat,
525 3909 554 3953 et
568 3896 677 3953 veilluit
690 3899 707 3952 λ
719 3892 969 3954 l‘administration
982 3897 1019 3954 de
1035 3918 1079 3956 ses
1098 3919 1225 3977 propces

152 3995 251 4068 biens;
270 3993 347 4076 mais
363 3991 384 4049 il
401 3993 462 4049 snut
476 3993 617 4051 convenii
628 4013 684 4069 que
696 3991 792 4050 c'e'tait
803 3993 830 4050 lt
846 4014 901 4051 une
914 3993 1061 4053 deviatiou
1074 3995 1143 4053 hieu
1156 3999 1225 4074 plus

152 4093 259 4170 qn’une
274 4090 451 4166 application
467 4089 503 4147 de
517 4111 546 4149 su
562 4089 705 4150 doctrine.
720 4118 730 4140 ι
