2752 4688
611 447 653 458 ..
678 412 719 473 36
746 445 787 459 .-

161 574 179 609 ιι
199 541 1232 637 nonarntiatelisquerotnattis‚sed,qu0dmagnificentiusest‚

161 688 177 722 «
196 657 414 727 oblectationi
433 655 608 750 oculisque
625 656 833 727 ceciderunt.
855 660 1005 740 Maneat,
1027 680 1153 750 quaeso,
1170 657 1236 728 du·

161 803 178 836 a
196 760 313 867 retque
328 772 499 866 gentibus,
514 772 621 840 sinon
634 796 731 841 amor
744 769 862 856 nostri,
879 767 1016 841 atcerte
1033 771 1151 841 odium
1160 772 1233 858 sui3

161 917 178 952 ιι
197 888 347 982 quando,
359 886 557 982 urgentibus
568 886 700 980 imperii
713 886 804 972 fatis,
817 873 903 956 nihil
914 887 984 980 jam
994 901 1152 981 praestare
1163 887 1235 956 for-

163 1030 180 1064 a
200 1017 280 1070 tuna
291 1001 398 1093 majus
412 1013 521 1094 potest
531 999 999 1094 qudmhostiumdiscordiam
1009 1002 1021 1085 (
1031 1024 1040 1068 t
1051 1000 1073 1090 ).
1086 1023 1104 1064 ν
1115 1001 1233 1089 Quan-

160 1117 234 1185 titm
258 1112 339 1184 νευὸ
362 1115 546 1184 Christiani
573 1116 678 1182 moris
704 1115 860 1209 contagio
884 1113 934 1183 vel
959 1114 1233 1188 adversariorum

161 1231 291 1299 animos
313 1229 507 1316 inflexisset,
529 1227 659 1298 collatis
680 1230 786 1298 Taciti
818 1231 996 1324 Nostrique
1013 1230 1233 1322 sequentibus

161 1353 272 1421 verbis
290 1377 390 1421 nemo
412 1378 480 1421 non
499 1351 647 1421 videbit:
674 1354 738 1422 Καὶ
758 1365 809 1422 νῦν
834 1355 986 1448 περίεστιν
1008 1362 1080 1448 ἡμῖν
1103 1357 1138 1423 οὐ
1159 1359 1232 1438 τοὺς

160 1479 281 1571 νεκροὺς
299 1477 446 1572 ἀριθμεῖν,
464 1480 540 1546 ὅσων
555 1477 709 1573 κρείττους
729 1479 907 1574 γεγόναμεν,
921 1476 1002 1545 ἀλλὰ
1018 1479 1088 1557 τοὺς
1102 1472 1231 1567 ζῶντας,

160 1592 232 1669 ὀὐδὲ
259 1605 478 1695 κεκρατηκέναι
497 1604 563 1695 μὲν,
584 1599 634 1681 οὓς
656 1592 691 1669 δὲ
713 1604 922 1696 ἐκρατήσαμεν
948 1604 990 1695 μὴ
1017 1602 1105 1695 ἔχειν.
1134 1602 1232 1671 Οὕτω

158 1724 296 1818 γίνονται
314 1725 469 1819 κρείττους
488 1722 641 1816 ἅνθρωποι
657 1725 835 1818 ἀνθρώπων,
855 1724 972 1804 ἐκείνως
985 1716 1020 1792 δὲ
1040 1720 1162 1820 ἄρκτων
1181 1726 1233 1794 καὶ

160 1855 238 1914 συῶν
260 1847 312 1914 καὶ
327 1838 520 1940 παρῶαλεων.
540 1847 655 1914 Καίτοι
669 1874 703 1940 γε
724 1845 841 1914 ἐκείνων
859 1850 980 1942 σπέρμα
994 1860 1233 1943 κυνηγετοῦντες

159 1976 430 2063 ὑπολιμπάνομεν,
452 1977 467 2037 ὁ
489 1961 524 2038 δὲ
549 1965 672 2066 ἐξαιρῶν
697 1976 856 2049 παντελῶς
875 1971 1030 2064 ἀλιτήριος
1051 1982 1106 2051 τῆς
1136 1969 1233 2068 ἄγρας

160 2088 329 2187 νομίζεται.
348 2090 431 2162 Εἶτα
450 2093 559 2187 θηρίων
578 2095 631 2187 μὲν
655 2101 716 2160 τῶν
737 2094 950 2188 ἀγριωτάτων,
970 2091 991 2161 ἃ
1011 2087 1136 2190 διείργει
1156 2098 1233 2191 πρὸς

160 2223 241 2310 ἡμᾶς
260 2222 315 2285 οὐκ
334 2198 440 2310 Ϊστρος
457 2208 529 2285 οὐδὲ
542 2202 652 2303 Ῥῆνος,
672 2217 739 2284 ἀλλ’
756 2223 774 2291 ἡ
797 2219 883 2308 φύσις
903 2220 993 2302 αὐτὴ,
1015 2210 1111 2309 φειδὼ
1128 2222 1234 2288 ποιοί-

162 2344 257 2434 μεθα,
274 2345 357 2420 ὅπως
369 2337 405 2408 ἃν
420 2351 466 2427 τῷ
477 2342 555 2436 γένει
569 2335 699 2420 σώζοιτο
718 2341 769 2408 καὶ
788 2331 945 2433 διαμένοι,
967 2341 1049 2421 ἔθνος
1065 2335 1100 2410 δὲ
1114 2345 1243 2438 ἀνθρώ(

162 2463 298 2549 πων,καὶ
317 2463 341 2531 εἰ
356 2460 435 2532 ποίνυ
453 2463 526 2558 ραίη
547 2490 593 2542 τις
609 2459 788 2559 βαρίοίρων,
805 2461 885 2538 ἀλλὰ
899 2465 1234 2561 ἀνθρώπων,ίπτιιχὸς,

161 2591 359 2672 ὑποκῦπτον,
378 2591 422 2678 ἐφ’
437 2593 523 2679 ἡμῶν
548 2589 663 2654 κεῖσθαι
683 2592 864 2680 ὁμολογοῦν,
882 2593 916 2655 οὐ
940 2590 1158 2683 θαυμασίμεθα
1181 2593 1234 2660 τὸν

163 2712 205 2801 μὴ
236 2715 394 2790 παντελῶς
422 2704 595 2788 ἐξελόντα,
627 2707 708 2777 ἀλλὰ
734 2713 978 2800 περιτοιιίσαντα
1007 2711 1059 2779 καὶ
1092 2714 1235 2806 φεισάμε-

164 2857 252 2925 μινον
270 2821 340 2924 (ο);
651 2818 654 2825 ’

213 2940 304 3037 Ergti
319 2969 387 3012 non
404 2941 519 3033 modi),
542 2944 634 3038 quod
657 2942 759 3039 vulgd
777 2943 940 3033 creditur,
966 2946 1057 3040 apud
1081 2946 1236 3025 Ecclesiae

165 3062 292 3144 Patres,
308 3059 364 3127 sed
382 3059 473 3153 apud
493 3084 551 3129 eos
568 3059 673 3129 etiam
689 3074 852 3144 oratores,
873 3060 945 3154 qui,
964 3075 1002 3129 ut
1013 3061 1233 3154 Themistius‚

165 3174 378 3267 nequaquam
406 3175 425 3242 ὲ
454 3189 602 3243 veterum
633 3175 701 3244 ritu
731 3174 948 3262 deflexerant,
975 3174 1075 3245 tacita
1108 3178 1237 3248 animo·

166 3313 242 3358 rutn
269 3287 457 3360 immutatio
479 3315 605 3359 novum
627 3288 797 3383 quoddam
823 3288 1021 3384 eloquentiae
1049 3275 1237 3386 protulerat

165 3428 283 3497 genua.

214 3519 352 3589 Eminet
374 3522 496 3614 passim
521 3520 611 3615 apud
628 3520 860 3590 suavissimum
879 3535 1049 3594 oratorem
1072 3519 1156 3592 ittud
1174 3525 1237 3591 mi·

165 3634 311 3702 setrimae
329 3632 436 3728 plebis
452 3634 613 3722 studium,
628 3659 696 3728 quo
714 3659 781 3702 non
802 3636 974 3729 egregium
991 3631 1092 3704 modd
1111 3661 1235 3706 nomen

158 3746 226 3816 -sibi
258 3762 534 3840 comparaverant
557 3748 729 3844 Episcopi,
760 3748 818 3818 sed
849 3751 975 3844 ingenti
1006 3749 1106 3820 etiam
1127 3751 1236 3846 gratid

203 4075 244 4152 (ν)
267 4075 310 4132 De
323 4073 452 4134 moribus
467 4079 566 4137 Germ.
581 4079 626 4135 33.

198 4169 244 4247 (2)
266 4172 438 4250 0ra1.X,p.
459 4187 525 4243 140.
616 4224 619 4230 ,
