2752 4688
147 485 245 563 νέους,
272 483 311 561 εἰς
332 485 369 550 τὸ
386 485 512 574 θίατρον
528 477 687 577 ἐξενεγκεῖν
711 484 780 550 ἀντὶ
801 490 862 552 τῶν
882 473 1012 570 ψιυθῶν,
1026 482 1078 548 καὶ
1099 486 1219 550 πεπλα-

148 607 275 695 ομίνων.

150 781 155 788 ,
201 715 440 818 Εμοὶνέῳεέντι
461 731 693 822 ουγγράμματα
716 730 800 794 ἀττα
825 730 1014 813 πεποίηται,
1038 731 1066 795 ἐν
1097 727 1140 807 οἷς
1165 731 1218 796 τὸν

148 858 259 943 κλῆρον
275 845 444 944 κατεθέμην
462 852 515 921 καὶ
534 855 731 945 ἐθησέιιίμιοα,
750 850 784 918 ἐν
797 848 882 942 ι’ταρέι
898 832 960 919 τῶν
981 851 1063 943 ἐμῶν
1079 854 1219 946 ποτίμων
1320 945 1321 948 ¹
1354 916 1357 920 .

150 965 344 1067 θιεθεξάμην,
368 975 540 1069 Καταλέγει
554 973 596 1042 τθι
612 975 841 1068 συγγράμματα
855 983 953 1041 ταῦτα
966 966 999 1040 ίθ
1002 995 1044 1042 ιον
1064 976 1120 1067 μὲν
1133 966 1219 1042 'calls

150 1097 307 1190 οὕτεέμὸν
337 1102 408 1166 οὔτε
434 1095 548 1182 ἀλλον,
569 1090 738 1189 ἐμφανίζειν
762 1089 798 1164 ll
823 1080 969 1190 ἐπιχειρεῖ
992 1094 1044 1164 τὸν
1070 1107 1138 1165 νοῦν
1168 1098 1220 1166 τὸν

150 1212 388 1314 Ᾰμστοτέλοως,
403 1222 454 1289 καὶ
469 1211 585 1315 ἐξάγειν
603 1226 637 1288 ἐκ
655 1232 717 1288 τῶν
738 1213 880 1313 ῥημάτων
899 1226 928 1288 ἐν
944 1209 987 1300 οἷς
1002 1214 1111 1300 ἐκεῖνος
1128 1222 1222 1289 αὐτὸν

151 1338 287 1436 καθεῖρξί
299 1371 332 1412 τε
353 1346 404 1414 καὶ
425 1342 601 1439 ἐφράξατο,
620 1354 676 1412 τοῦ
691 1348 733 1437 μὴ
746 1335 914 1437 ἐπίδρομον
932 1330 1007 1410 ἐῖναι
1023 1350 1086 1422 τοῖς
1102 1343 1221 1411 παντοί-

152 1493 243 1535 ιτααιν
264 1469 427 1561 ἀμυήτοις.Ι
444 1470 508 1539 Καὶ
533 1460 634 1536 ταῦτα
652 1471 713 1562 ἐγὼ
738 1463 778 1535 τοὶ
802 1470 1035 1562 συγγράμματα
1055 1467 1140 1556 ἀλλῳ
1169 1472 1222 1560 μὲν

152 1585 251 1660 οὐθενὶ
271 1597 400 1662 πώποτε
422 1592 507 1686 ’ᾤμην
523 1584 595 1660 οὔτε
614 1582 715 1686 γρείαν
730 1574 804 1670 ἐξέιν
820 1593 892 1658 οὔτε
907 1572 1027 1659 ἔσεσθαι
1045 1585 1221 1662 σπουθαῖα·

153 1708 225 1783 οὑθέ
246 1714 305 1810 γὰρ
321 1720 404 1782 οὕτω
421 1721 596 1794 πολυτελῶς
621 1715 672 1782 καὶ
691 1708 836 1808 ἀνδρείως
856 1709 1035 1792 ξυντεθέντα
1058 1712 1135 1781 αὐτὰ
1153 1721 1223 1791 ήπι-

153 1839 296 1930 στάμην,
318 1843 442 1930 ἐμαυτῷ
475 1830 510 1905 ll
532 1838 617 1928 μόνῳ
638 1839 818 1931 μνημόσυνα
836 1837 888 1905 καὶ
906 1837 1064 1914 ἀποθήκην
1092 1837 1132 1905 ὧν
1152 1843 1225 1913 ἀκη·

151 1962 252 2041 κίειν,
270 1965 319 2028 ἵνα
335 1961 437 2029 εἴποτε
454 1963 607 2056 ἀποφύγοι
624 1965 680 2032 τὴν
701 1966 845 2054 μνήμην,
861 1956 912 2054 ἐξῆ
933 1986 985 2053 μοι
1001 1945 1097 2056 ὥςηομ
1117 1967 1151 2030 ἐκ
1164 1987 1224 2029 τοι·

154 2087 249 2178 μιείου
272 2081 440 2177 λαμῶοίνειν
461 2086 616 2178 ἀσφαλοῦς
634 2111 667 2152 τε
694 2085 747 2153 καὶ
773 2085 934 2152 ἀναλώτου
960 2085 1022 2152 ἀπὸ
1041 2095 1096 2163 τῆς
1119 2084 1225 2165 λήθης.

153 2197 270 2286 Quiim
291 2196 369 2266 νειὸ
384 2197 483 2265 Ιοίίἐιε
502 2212 710 2266 emanassent
727 2197 981 2282 commentarii,
1003 2211 1037 2264 et
1058 2196 1100 2264 ad
1116 2191 1227 2290 philo·

155 2313 300 2407 sophum
314 2311 494 2406 quemdam
507 2309 693 2405 (Celsum)
720 2311 969 2404 pervenissent,
991 2311 1079 2379 senis
1095 2311 1227 2380 Chalci·

155 2429 267 2496 densis
297 2425 520 2520 (Jambliehi)
551 2425 777 2523 discipulum,
811 2426 870 2519 qui
892 2424 962 2494 tlim
988 2424 1163 2522 Sicyone,
1192 2429 1226 2497 in

156 2543 298 2629 Graecia,
313 2542 469 2630 docebat,
481 2543 528 2612 sic
539 2568 596 2613 eos
606 2543 791 2612 admiratus
804 2539 860 2610 ille
877 2556 940 2629 est,
960 2557 997 2610 ut
1013 2543 1098 2611 urbe
1114 2568 1230 2636 quam·

157 2657 302 2751 primam
318 2683 362 2725 ao
375 2656 489 2726 schola
507 2656 679 2740 derelicta,
696 2656 761 2724 ιιιιέ
777 2681 853 2724 cum
869 2655 1041 2748 discipulis
1055 2659 1123 2726 suis
1139 2661 1229 2728 CPo·
1336 2732 1344 2743 ‚

156 2774 202 2850 lin
221 2782 266 2849 ad
280 2780 504 2851 Themistium
526 2777 719 2848 advolasset:
739 2781 802 2848 Καὶ
830 2773 934 2857 ἐπειθη
961 2757 1172 2874 ήμφιοῶήτουν
1200 2785 1229 2852 οἱ

156 2900 286 2994 νεανίαι,
309 2896 479 3000 πέμπειέἐς
498 2907 566 2974 θεοῦ
585 2894 787 2998 πευσομένους
805 2906 830 2974 εἰ
850 2904 911 3000 ἀρα
931 2891 1054 2999 ἀμεινόν
1074 2935 1105 2976 τι
1119 2912 1229 2988 ἐκεῖνος

156 3033 313 3126 γινῶοκει·
335 3028 387 3098 καὶ
409 3034 490 3125 φίμει
510 3027 565 3106 τὴν
591 3024 689 3103 αὐτὴν
714 3026 813 3120 ψῆφον
840 3035 856 3097 ὁ
883 3031 968 3116 θεὸς,
987 3029 1051 3099 οἷαν
1068 3013 1165 3099 παλαι
1179 3032 1229 3102 ἐπὶ

157 3150 335 3247 Σωκμάπην.
348 3188 403 3201 -
420 3158 497 3222 Μῶν
517 3140 576 3246 ἀρα
591 3155 637 3220 ἔτι
653 3142 848 3245 θαυμαστὸν,
864 3153 888 3220 εί
908 3157 1060 3234 τοιούτοις
1077 3156 1137 3249 ἐγῶ
1151 3159 1231 3251 χρῶ·
1303 3221 1305 3225 ,

158 3273 249 3370 μενοέ
261 3258 390 3372 ἀμωγοές
405 3277 613 3369 ἐθημέυσοίμην
626 3275 747 3370 ὀλίγους
761 3266 864 3364 νέους;
880 3304 913 3344 κ.
929 3303 963 3346 τι
977 3284 1010 3344 λ.·
1029 3265 1100 3368 (1).·

173 3444 189 3455 ..
206 3394 324 3460 Unum
335 3403 493 3484 praeterea
505 3387 616 3458 locum
625 3387 779 3476 afferam,
793 3413 862 3482 quo
872 3382 1018 3459 vividiiis
1027 3378 1229 3484 singulaism

158 3508 222 3576 viri
244 3505 468 3599 praestantiam
490 3501 575 3572 nihil
594 3503 782 3596 exprimere
795 3514 906 3596 queat.

170 3672 183 3702 .·
206 3623 257 3690 Ex
273 3619 422 3689 Platonis
436 3619 526 3686 enim
538 3619 709 3691 ‘sententia
721 3672 731 3706 ‚
744 3643 812 3686 non
828 3643 908 3687 eum
928 3633 1044 3688 censet
1063 3620 1149 3688 veris
1162 3630 1231 3689 esse

160 3735 369 3830 philosophis
382 3734 692 3820 annumerandum,
709 3736 769 3828 qui
784 3734 964 3828 postquam
979 3734 1139 3805 doctrinae
1149 3760 1230 3829 xpas-

160 3867 226 3920 tem
245 3849 391 3944 aliquam
415 3850 608 3945 paraverit,
630 3850 665 3916 in
693 3850 730 3918 eal
751 3851 914 3942 tanquam
935 3849 1070 3920 defosso
1093 3855 1127 3919 in
1147 3874 1231 3918 auro

200 4080 238 4157 (1)
259 4084 339 4138 Orat.
354 4078 459 4155 Xlllll,
475 4098 502 4156 μ.
519 4083 573 4152 292,
588 4096 650 4154 sqq.
