2752 4688
592 441 860 519 *at-2.

145 587 279 692 ραίῖηλα
306 605 361 672 τῆς
381 590 478 685 ψυχῆς
505 591 606 686 ἀγαθὰ
624 591 675 658 καὶ
694 593 788 669 ὅντως
811 591 919 683 χθόνια
948 593 999 659 καὶ
1032 591 1223 686 ἀνθρώπινα,

147 724 239 814 μόνον
259 712 294 787 δὲ
315 721 407 786 ἐκεῖνο
432 716 509 783 θεῖον
532 716 669 806 ἀτεχνῶς
688 717 741 781 καὶ
763 713 914 807 οὐράνιον,
930 718 977 782 ἐπ’
992 710 1129 796 ἐξουσίας
1144 717 1223 808 ἔχειν

149 844 201 913 καὶ
215 846 244 910 ἐν
261 843 401 934 ῥᾳστώνῃ
420 829 615 931 εὐδαιμονίαν
629 825 809 931 ἀνθρώπιον,
829 864 859 904 κ.
886 863 918 904 π.
938 844 968 905 λ.
990 831 1004 929 (
1033 826 1058 928 )

198 959 259 1028 His
283 972 385 1049 atque
399 953 473 1024 aliis
487 953 668 1048 diiigenter
688 955 859 1048 perpensis
879 952 992 1048 (taedet
1005 956 1097 1024 enim
1112 940 1225 1025 omnia

151 1071 302 1167 referre),
331 1094 442 1155 nemo,
458 1069 592 1162 opinor,
607 1059 785 1136 mirabitur
808 1063 900 1161 quod
917 1067 1075 1163 praedicet
1088 1070 1227 1138 Themi·

45 1224 51 1249 .
151 1187 235 1257 stius
257 1208 333 1252 suas
349 1183 522 1251 orationes
537 1181 630 1250 tanta
648 1180 738 1275 apud
751 1177 927 1251 Valentem
946 1182 1226 1278 gratia'valuisse.

201 1304 249 1370 Ac
271 1278 422 1393 profecti>
441 1295 495 1366 iila
515 1296 657 1365 oratoris
672 1294 781 1391 gratia
797 1297 941 1366 maxime
961 1309 1135 1392 perspecta
1164 1298 1228 1368 fuir

153 1417 193 1487 ed
219 1413 412 1485 calamitosd
432 1426 639 1507 tempestate,
666 1428 743 1508 qu'ae
761 1414 1010 1507 Procopianum
1039 1416 1226 1485 tumultum

155 1533 305 1602 insecuta
319 1545 377 1598 est.
389 1531 479 1599 Nam
491 1526 588 1597 multi
606 1527 711 1622 quum
728 1541 908 1611 senatores,
929 1528 1030 1598 duces
1045 1526 1225 1619 exercitiis,

153 1647 305 1716 rhetores
332 1643 375 1713 ad
403 1643 556 1738 Procopii
590 1657 701 1736 partes
728 1640 949 1727 deflexissent,
971 1643 1015 1712 de
1037 1636 1229 1738 more’pr'u·

155 1761 236 1831 deus
254 1762 381 1831 Noster
398 1755 548 1852 legitimo
571 1757 615 1826 ab
634 1757 836 1849 imperatore
860 1782 927 1825 non
950 1756 1089 1848 defecit,
1111 1759 1226 1828 eddam

156 1874 338 1971 prudentia
357 1897 425 1942 non
449 1886 565 1941 utente
576 1870 735 1958 Libanio,
756 1872 813 1964 qui
832 1873 965 1966 tyranni
988 1884 1100 1967 partes
1114 1877 1227 1944 statim

157 1988 342 2083 amplexus,
354 1987 427 2080 ejus
443 1988 478 2056 in
496 1985 629 2057 laudem
646 1987 879 2081 panegyricam
894 1989 1082 2058 orationem
1099 1990 1230 2074 habuit,

157 2130 257 2200 quam
284 2117 434 2197 propter,
448 2100 701 2196 ,perduellionis
718 2099 945 2191 insimulatus,
967 2103 1155 2197 periculum
1176 2129 1232 2174 cae

158 2222 236 2316 pitis
255 2219 369 2312 adiit(
396 2218 422 2314 )
477 2251 480 2256 ·
584 2203 589 2216 ⁴
829 2210 838 2212 '¹

207 2335 334 2405 Verum
360 2333 437 2403 iude
465 2333 507 2402 ab
528 2332 631 2428 longo
646 2335 717 2427 jam
748 2350 899 2428 tempore
923 2361 969 2404 eae
994 2353 1091 2405 erant
1119 2361 1232 2405 rerum

159 2448 392 2521 Romanorum
410 2448 668 2538 vicissitudines,
693 2447 854 2544 tantaque
877 2450 1027 2521 civilium
1058 2454 1232 2523 turbarum

161 2563 426 2659 frequentia,'ut
447 2589 525 2659 erga
554 2563 750 2634 defectionis
780 2567 932 2636 ‹onscios
964 2568 1125 2638 iuvidiam
1157 2569 1234 2638 facti

163 2676 285 2776 maguti
308 2704 349 2748 ex
373 2694 470 2774 parte
489 2693 681 2773 temporum
706 2680 792 2747 ratio
812 2671 1014 2751 detraheret.
1036 2686 1156 2776 ltaque
1172 2685 1241 2783 ira·x

162 2821 238 2865 rum
253 2795 377 2882 ardori,
392 2810 531 2864 auctore
543 2786 741 2877 Tiremistio,
760 2798 961 2889 temperavit
974 2787 1232 2891 imperatori3).

164 2915 259 2980 Hanc
285 2934 364 2977 vero
386 2908 679 2978 mansuetudinem
699 2924 828 3002 quanto
853 2911 961 3004 magis
989 2910 1143 2980 violeutae
1169 2917 1235 2982 Va·

163 3024 263 3092 lentis
280 3022 385 3091 indoli
403 3039 618 3117 repugnaret,
639 3037 734 3092 tauto
751 3025 969 3117 exquisitiore
988 3023 1129 3096 laudum
1151 3051 1235 3121 prae·

162 3139 263 3208 conio
290 3122 414 3207 Noster
432 3137 630 3222 celebravit,
660 3139 878 3208 humanitatis
901 3155 1047 3209 assertor
1069 3141 1236 3212 assiduus.
1279 3213 1284 3223 ,

163 3257 304 3348 ltaque,
332 3253 520 3321 intermisso
548 3268 623 3346 post
659 3252 806 3329 sedatam
837 3253 1034 3323 seditionem
1063 3255 1237 3349 aliquanto

165 3373 325 3467 temporis
340 3373 469 3467 spatio,
486 3373 721 3465 imperatorem
743 3375 778 3445 iu
797 3373 889 3443 hunc
910 3374 1049 3444 modum
1071 3373 1239 3449 allocutus

163 3513 215 3567 est
232 3524 238 3566 :
258 3503 320 3567 Δύιν
340 3499 411 3566 εἰσὶν
434 3496 537 3591 ἀρχαὶ,
557 3497 831 3591 φιλανθρωπότατε
850 3500 1055 3594 αὐτόκρατορ,
1076 3494 1238 3595 διακνὸερ-

164 3634 260 3691 νῶσαι
283 3624 337 3690 τὸν
369 3622 448 3709 βίον,
475 3630 514 3701 ὡς
541 3624 612 3701 ἔπος
635 3623 739 3708 εἰπεῖν,
764 3621 816 3691 τόν
843 3623 1041 3717 ἀνθρώπινον,
1068 3624 1108 3693 ὧν
1136 3633 1155 3701 ἡ
1185 3628 1238 3718 μὲν

166 3743 295 3828 ἐξῆπται
316 3756 371 3824 τῆς
392 3749 540 3839 ἡμετέρας
562 3746 685 3838 κρίσεως
702 3746 753 3815 καὶ
771 3753 879 3848 ὁρμῆς,
905 3739 975 3823 ἡδὲ
1001 3752 1112 3817 ἐκτῶν
1132 3741 1239 3827 ἔξωθεν
1308 3828 1314 3838 ⁶

207 3953 248 4030 (ι)
268 3953 352 4011 Orat.
366 3951 415 4022 Vl,
431 3971 459 4028 p.
478 3952 523 4024 78.
537 3984 578 3996 -
590 3953 633 4009 (if.
647 3971 674 4028 p.
690 3954 739 4024 73,
754 3973 799 4028 79.

208 4047 247 4128 (a)
269 4049 312 4106 De
327 4047 386 4105 virt
400 4050 462 4116 sud,
479 4068 506 4126 p.
523 4068 586 4120 ¹07·

207 4145 246 4223 13)
268 4144 342 4203 iilud
354 4145 504 4204 confirmat
520 4145 622 4204 testim.
644 4144 742 4203 Liban.
759 4138 828 4203 ibid.
844 4166 871 4222 p.
890 4146 952 4235 11¹3.
