<?xml version="1.0" encoding="UTF-8"?>
<!DOCTYPE html PUBLIC "-//W3C//DTD XHTML 1.0 Transitional//EN"
    "http://www.w3.org/TR/xhtml1/DTD/xhtml1-transitional.dtd">
<html xmlns="http://www.w3.org/1999/xhtml" xml:lang="en" lang="en">
 <head>
  <title>
</title>
<meta http-equiv="Content-Type" content="text/html;charset=utf-8" />
  <meta name='ocr-system' content='tesseract 3.04.00' />
  <meta name='ocr-capabilities' content='ocr_page ocr_carea ocr_par ocr_line ocrx_word'/>
</head>
<body>
  <div class='ocr_page' id='page_1' title='image "./dethemistiosoph00baregoog_0038.png"; bbox 0 0 2752 4688; ppageno 0'>
   <div class='ocr_carea' id='block_1_1' title="bbox 133 198 1304 2581">
    <p class='ocr_par' dir='ltr' id='par_1_1' title="bbox 601 198 1029 354">
     <span class='ocr_line' id='line_1_1' title="bbox 1010 198 1029 228; baseline 0 0"><span class='ocrx_word' id='word_1_1' title='bbox 1010 198 1029 228; x_wconf 79' lang='grc' dir='ltr'>Ι</span> 
     </span>
     <span class='ocr_line' id='line_1_2' title="bbox 601 288 781 354; baseline 0 -19"><span class='ocrx_word' id='word_1_2' title='bbox 601 323 643 335; x_wconf 91' lang='grc'><strong>..</strong></span> <span class='ocrx_word' id='word_1_3' title='bbox 670 288 711 354; x_wconf 67' lang='grc' dir='ltr'><em>ῃ</em></span> <span class='ocrx_word' id='word_1_4' title='bbox 736 323 781 335; x_wconf 74' lang='grc'><strong>.-</strong></span> 
     </span>
    </p>

    <p class='ocr_par' dir='ltr' id='par_1_2' title="bbox 154 417 1304 977">
     <span class='ocr_line' id='line_1_3' title="bbox 157 417 1229 517; baseline -0.005 -22"><span class='ocrx_word' id='word_1_5' title='bbox 157 422 255 495; x_wconf 86' lang='lat' dir='ltr'><strong>titia:</strong></span> <span class='ocrx_word' id='word_1_6' title='bbox 285 420 453 516; x_wconf 78' lang='lat' dir='ltr'><strong>diffugere</strong></span> <span class='ocrx_word' id='word_1_7' title='bbox 482 418 551 510; x_wconf 89' lang='lat' dir='ltr'><strong>illi,</strong></span> <span class='ocrx_word' id='word_1_8' title='bbox 585 420 717 492; x_wconf 85' lang='lat' dir='ltr'><strong>latitare</strong></span> <span class='ocrx_word' id='word_1_9' title='bbox 741 417 811 512; x_wconf 78' lang='lat' dir='ltr'><strong>(rl3</strong></span> <span class='ocrx_word' id='word_1_10' title='bbox 844 420 879 495; x_wconf 87' lang='lat' dir='ltr'><strong>hi</strong></span> <span class='ocrx_word' id='word_1_11' title='bbox 914 421 1045 492; x_wconf 82' lang='lat' dir='ltr'><strong>animos</strong></span> <span class='ocrx_word' id='word_1_12' title='bbox 1078 421 1229 517; x_wconf 84' lang='lat' dir='ltr'><strong>erigere:</strong></span> 
     </span>
     <span class='ocr_line' id='line_1_4' title="bbox 155 537 1228 632; baseline 0.001 -23"><span class='ocrx_word' id='word_1_13' title='bbox 155 563 238 632; x_wconf 86' lang='lat' dir='ltr'><strong>quas</strong></span> <span class='ocrx_word' id='word_1_14' title='bbox 259 537 360 612; x_wconf 77' lang='lat' dir='ltr'><strong>modo</strong></span> <span class='ocrx_word' id='word_1_15' title='bbox 377 538 599 613; x_wconf 85' lang='lat' dir='ltr'><strong>contumelias</strong></span> <span class='ocrx_word' id='word_1_16' title='bbox 615 538 866 624; x_wconf 71' lang='lat' dir='ltr'><strong>toleraverant,</strong></span> <span class='ocrx_word' id='word_1_17' title='bbox 882 537 1033 628; x_wconf 89' lang='lat' dir='ltr'><strong>vincula,</strong></span> <span class='ocrx_word' id='word_1_18' title='bbox 1057 563 1228 624; x_wconf 78' lang='lat' dir='ltr'><strong>carceres,</strong></span> 
     </span>
     <span class='ocr_line' id='line_1_5' title="bbox 155 640 1228 748; baseline 0.006 -27"><span class='ocrx_word' id='word_1_19' title='bbox 155 654 302 726; x_wconf 88' lang='lat' dir='ltr'><strong>vicissim</strong></span> <span class='ocrx_word' id='word_1_20' title='bbox 322 653 466 743; x_wconf 82' lang='lat' dir='ltr'><strong>inferre3</strong></span> <span class='ocrx_word' id='word_1_21' title='bbox 492 653 681 725; x_wconf 86' lang='lat' dir='ltr'><strong>libertatem</strong></span> <span class='ocrx_word' id='word_1_22' title='bbox 701 651 795 741; x_wconf 88' lang='lat' dir='ltr'><strong>fidei,</strong></span> <span class='ocrx_word' id='word_1_23' title='bbox 813 640 917 748; x_wconf 87' lang='lat' dir='ltr'><strong>quam</strong></span> <span class='ocrx_word' id='word_1_24' title='bbox 942 653 1004 725; x_wconf 92' lang='lat' dir='ltr'><strong>sub</strong></span> <span class='ocrx_word' id='word_1_25' title='bbox 1022 655 1228 727; x_wconf 87' lang='lat' dir='ltr'><strong>Constantio</strong></span> 
     </span>
     <span class='ocr_line' id='line_1_6' title="bbox 155 768 1226 866; baseline 0.002 -30"><span class='ocrx_word' id='word_1_26' title='bbox 155 769 349 862; x_wconf 71' lang='lat' dir='ltr'><strong>nuperrime</strong></span> <span class='ocrx_word' id='word_1_27' title='bbox 382 782 621 858; x_wconf 81' lang='lat' dir='ltr'><strong>exoraverant,</strong></span> <span class='ocrx_word' id='word_1_28' title='bbox 645 769 892 866; x_wconf 70' lang='lat' dir='ltr'><strong>⁴contagionem</strong></span> <span class='ocrx_word' id='word_1_29' title='bbox 928 768 1043 846; x_wconf 85' lang='lat' dir='ltr'><strong>Ariani</strong></span> <span class='ocrx_word' id='word_1_30' title='bbox 1081 768 1226 839; x_wconf 90' lang='lat' dir='ltr'><strong>nominis</strong></span> 
     </span>
     <span class='ocr_line' id='line_1_7' title="bbox 154 870 1304 977; baseline -0.001 -27"><span class='ocrx_word' id='word_1_31' title='bbox 154 880 391 976; x_wconf 83' lang='lat' dir='ltr'><strong>deprecantes,</strong></span> <span class='ocrx_word' id='word_1_32' title='bbox 411 881 598 977; x_wconf 82' lang='lat' dir='ltr'><strong>profligatis</strong></span> <span class='ocrx_word' id='word_1_33' title='bbox 618 906 709 951; x_wconf 91' lang='lat' dir='ltr'><strong>nnnc</strong></span> <span class='ocrx_word' id='word_1_34' title='bbox 726 881 923 950; x_wconf 86' lang='lat' dir='ltr'><strong>adversariis</strong></span> <span class='ocrx_word' id='word_1_35' title='bbox 941 880 1117 976; x_wconf 83' lang='lat' dir='ltr'><strong>denegare.</strong></span> <span class='ocrx_word' id='word_1_36' title='bbox 1302 870 1304 875; x_wconf 38' lang='lat'><strong>¹</strong></span> 
     </span>
    </p>

    <p class='ocr_par' dir='ltr' id='par_1_3' title="bbox 133 992 1228 2581">
     <span class='ocr_line' id='line_1_8' title="bbox 202 992 1225 1090; baseline 0 -27"><span class='ocrx_word' id='word_1_37' title='bbox 202 992 266 1064; x_wconf 85' lang='lat' dir='ltr'><strong>llic</strong></span> <span class='ocrx_word' id='word_1_38' title='bbox 290 995 466 1065; x_wconf 88' lang='lat' dir='ltr'><strong>manifesto</strong></span> <span class='ocrx_word' id='word_1_39' title='bbox 494 996 528 1062; x_wconf 88' lang='lat' dir='ltr'><strong>in</strong></span> <span class='ocrx_word' id='word_1_40' title='bbox 549 994 676 1063; x_wconf 87' lang='lat' dir='ltr'><strong>lumine</strong></span> <span class='ocrx_word' id='word_1_41' title='bbox 701 1011 880 1090; x_wconf 85' lang='lat' dir='ltr'><strong>conspecta</strong></span> <span class='ocrx_word' id='word_1_42' title='bbox 902 1009 951 1063; x_wconf 89' lang='lat' dir='ltr'><strong>est</strong></span> <span class='ocrx_word' id='word_1_43' title='bbox 972 992 1027 1063; x_wconf 93' lang='lat' dir='ltr'><strong>illa</strong></span> <span class='ocrx_word' id='word_1_44' title='bbox 1051 994 1225 1064; x_wconf 86' lang='lat' dir='ltr'><strong>Themistii</strong></span> 
     </span>
     <span class='ocr_line' id='line_1_9' title="bbox 153 1108 1225 1206; baseline -0.001 -27"><span class='ocrx_word' id='word_1_45' title='bbox 153 1112 355 1199; x_wconf 89' lang='lat' dir='ltr'><strong>constantia,</strong></span> <span class='ocrx_word' id='word_1_46' title='bbox 376 1110 611 1206; x_wconf 84' lang='lat' dir='ltr'><strong>propositique</strong></span> <span class='ocrx_word' id='word_1_47' title='bbox 638 1123 737 1178; x_wconf 82' lang='lat' dir='ltr'><strong>tenax</strong></span> <span class='ocrx_word' id='word_1_48' title='bbox 761 1108 973 1195; x_wconf 84' lang='lat' dir='ltr'><strong>moderatio,</strong></span> <span class='ocrx_word' id='word_1_49' title='bbox 1001 1133 1076 1201; x_wconf 86' lang='lat' dir='ltr'><strong>quae</strong></span> <span class='ocrx_word' id='word_1_50' title='bbox 1103 1109 1225 1178; x_wconf 87' lang='lat' dir='ltr'><strong>turbu·</strong></span> 
     </span>
     <span class='ocr_line' id='line_1_10' title="bbox 154 1213 1224 1318; baseline 0 -25"><span class='ocrx_word' id='word_1_51' title='bbox 154 1223 345 1294; x_wconf 84' lang='lat' dir='ltr'><strong>lautissimis</strong></span> <span class='ocrx_word' id='word_1_52' title='bbox 367 1227 403 1293; x_wconf 92' lang='lat' dir='ltr'><strong>in</strong></span> <span class='ocrx_word' id='word_1_53' title='bbox 421 1223 629 1318; x_wconf 88' lang='lat' dir='ltr'><strong>temporibus</strong></span> <span class='ocrx_word' id='word_1_54' title='bbox 656 1225 791 1318; x_wconf 83' lang='lat' dir='ltr'><strong>egregia</strong></span> <span class='ocrx_word' id='word_1_55' title='bbox 809 1223 871 1292; x_wconf 90' lang='lat' dir='ltr'><strong>viri</strong></span> <span class='ocrx_word' id='word_1_56' title='bbox 898 1239 979 1293; x_wconf 86' lang='lat' dir='ltr'><strong>nota</strong></span> <span class='ocrx_word' id='word_1_57' title='bbox 1002 1222 1102 1292; x_wconf 88' lang='lat' dir='ltr'><strong>fuisse</strong></span> <span class='ocrx_word' id='word_1_58' title='bbox 1130 1213 1224 1293; x_wconf 88' lang='lat' dir='ltr'><strong>vide·</strong></span> 
     </span>
     <span class='ocr_line' id='line_1_11' title="bbox 154 1338 1228 1434; baseline 0 -25"><span class='ocrx_word' id='word_1_59' title='bbox 154 1356 220 1409; x_wconf 87' lang='lat' dir='ltr'><strong>tur.</strong></span> <span class='ocrx_word' id='word_1_60' title='bbox 232 1338 398 1410; x_wconf 85' lang='lat' dir='ltr'><strong>Videlicet</strong></span> <span class='ocrx_word' id='word_1_61' title='bbox 412 1338 500 1434; x_wconf 91' lang='lat' dir='ltr'><strong>apud</strong></span> <span class='ocrx_word' id='word_1_62' title='bbox 519 1364 646 1408; x_wconf 91' lang='lat' dir='ltr'><strong>novum</strong></span> <span class='ocrx_word' id='word_1_63' title='bbox 665 1341 924 1432; x_wconf 88' lang='lat' dir='ltr'><strong>imperatorem,</strong></span> <span class='ocrx_word' id='word_1_64' title='bbox 943 1338 1012 1426; x_wconf 89' lang='lat' dir='ltr'><strong>cui,</strong></span> <span class='ocrx_word' id='word_1_65' title='bbox 1029 1340 1228 1409; x_wconf 86' lang='lat' dir='ltr'><strong>Constanti·</strong></span> 
     </span>
     <span class='ocr_line' id='line_1_12' title="bbox 153 1451 1225 1549; baseline 0.001 -26"><span class='ocrx_word' id='word_1_66' title='bbox 153 1454 302 1549; x_wconf 90' lang='lat' dir='ltr'><strong>nopolim</strong></span> <span class='ocrx_word' id='word_1_67' title='bbox 333 1456 398 1524; x_wconf 90' lang='lat' dir='ltr'><strong>iter</strong></span> <span class='ocrx_word' id='word_1_68' title='bbox 422 1454 617 1540; x_wconf 85' lang='lat' dir='ltr'><strong>maturanti,</strong></span> <span class='ocrx_word' id='word_1_69' title='bbox 641 1453 846 1524; x_wconf 75' lang='lat' dir='ltr'><strong>Dadastanae</strong></span> <span class='ocrx_word' id='word_1_70' title='bbox 873 1479 949 1523; x_wconf 91' lang='lat' dir='ltr'><strong>cum</strong></span> <span class='ocrx_word' id='word_1_71' title='bbox 968 1451 1042 1524; x_wconf 87' lang='lat' dir='ltr'><strong>aliis</strong></span> <span class='ocrx_word' id='word_1_72' title='bbox 1065 1455 1225 1524; x_wconf 89' lang='lat' dir='ltr'><strong>senatorii</strong></span> 
     </span>
     <span class='ocr_line' id='line_1_13' title="bbox 153 1566 1226 1664; baseline -0.002 -26"><span class='ocrx_word' id='word_1_73' title='bbox 153 1569 280 1639; x_wconf 89' lang='lat' dir='ltr'><strong>ordinis</strong></span> <span class='ocrx_word' id='word_1_74' title='bbox 311 1569 520 1664; x_wconf 88' lang='lat' dir='ltr'><strong>principibus</strong></span> <span class='ocrx_word' id='word_1_75' title='bbox 552 1569 687 1637; x_wconf 89' lang='lat' dir='ltr'><strong>obviam</strong></span> <span class='ocrx_word' id='word_1_76' title='bbox 708 1584 927 1663; x_wconf 87' lang='lat' dir='ltr'><strong>processerat,</strong></span> <span class='ocrx_word' id='word_1_77' title='bbox 948 1568 1162 1636; x_wconf 90' lang='lat' dir='ltr'><strong>annuendam</strong></span> <span class='ocrx_word' id='word_1_78' title='bbox 1188 1566 1226 1638; x_wconf 92' lang='lat' dir='ltr'><strong>li-</strong></span> 
     </span>
     <span class='ocr_line' id='line_1_14' title="bbox 151 1680 1226 1780; baseline -0.002 -26"><span class='ocrx_word' id='word_1_79' title='bbox 151 1685 316 1754; x_wconf 86' lang='lat' dir='ltr'><strong>bertatem</strong></span> <span class='ocrx_word' id='word_1_80' title='bbox 336 1686 438 1754; x_wconf 90' lang='lat' dir='ltr'><strong>suasit</strong></span> <span class='ocrx_word' id='word_1_81' title='bbox 460 1684 524 1780; x_wconf 81' lang='lat' dir='ltr'><strong>(a),</strong></span> <span class='ocrx_word' id='word_1_82' title='bbox 544 1708 645 1779; x_wconf 87' lang='lat' dir='ltr'><strong>quarn</strong></span> <span class='ocrx_word' id='word_1_83' title='bbox 665 1685 809 1778; x_wconf 91' lang='lat' dir='ltr'><strong>quisque</strong></span> <span class='ocrx_word' id='word_1_84' title='bbox 829 1680 930 1752; x_wconf 91' lang='lat' dir='ltr'><strong>vellet</strong></span> <span class='ocrx_word' id='word_1_85' title='bbox 950 1682 1147 1778; x_wconf 80' lang='lat' dir='ltr'><strong>religionem</strong></span> <span class='ocrx_word' id='word_1_86' title='bbox 1165 1682 1226 1753; x_wconf 89' lang='lat' dir='ltr'><strong>eli-</strong></span> 
     </span>
     <span class='ocr_line' id='line_1_15' title="bbox 133 1798 1223 1895; baseline -0.002 -27"><span class='ocrx_word' id='word_1_87' title='bbox 133 1799 265 1895; x_wconf 87' lang='lat' dir='ltr'><strong>·gendi,</strong></span> <span class='ocrx_word' id='word_1_88' title='bbox 277 1799 505 1895; x_wconf 70' lang='lat' dir='ltr'><strong>praeclaraque</strong></span> <span class='ocrx_word' id='word_1_89' title='bbox 524 1800 678 1869; x_wconf 85' lang='lat' dir='ltr'><strong>oratione</strong></span> <span class='ocrx_word' id='word_1_90' title='bbox 699 1798 899 1868; x_wconf 86' lang='lat' dir='ltr'><strong>sententiam</strong></span> <span class='ocrx_word' id='word_1_91' title='bbox 917 1799 1071 1892; x_wconf 86' lang='lat' dir='ltr'><strong>exposuit</strong></span> <span class='ocrx_word' id='word_1_92' title='bbox 1086 1814 1120 1868; x_wconf 89' lang='lat' dir='ltr'><strong>et</strong></span> <span class='ocrx_word' id='word_1_93' title='bbox 1139 1821 1223 1868; x_wconf 89' lang='lat' dir='ltr'><strong>con·</strong></span> 
     </span>
     <span class='ocr_line' id='line_1_16' title="bbox 152 1905 1223 2009; baseline -0.001 -28"><span class='ocrx_word' id='word_1_94' title='bbox 152 1913 307 1983; x_wconf 85' lang='lat' dir='ltr'><strong>firmavit.</strong></span> <span class='ocrx_word' id='word_1_95' title='bbox 320 1915 406 2003; x_wconf 83' lang='lat' dir='ltr'><strong>Quae</strong></span> <span class='ocrx_word' id='word_1_96' title='bbox 417 1940 484 1984; x_wconf 86' lang='lat' dir='ltr'><strong>nou</strong></span> <span class='ocrx_word' id='word_1_97' title='bbox 497 1911 604 1983; x_wconf 75' lang='lat' dir='ltr'><strong>multi)</strong></span> <span class='ocrx_word' id='word_1_98' title='bbox 616 1905 692 2009; x_wconf 79' lang='lat' dir='ltr'><strong>pdst</strong></span> <span class='ocrx_word' id='word_1_99' title='bbox 700 1911 997 2008; x_wconf 87' lang='lat' dir='ltr'><strong>Constantinopoli</strong></span> <span class='ocrx_word' id='word_1_100' title='bbox 1008 1913 1099 1981; x_wconf 93' lang='lat' dir='ltr'><strong>omni</strong></span> <span class='ocrx_word' id='word_1_101' title='bbox 1110 1913 1223 1983; x_wconf 70' lang='lat' dir='ltr'><strong>coram</strong></span> 
     </span>
     <span class='ocr_line' id='line_1_17' title="bbox 152 2027 1225 2126; baseline -0.001 -27"><span class='ocrx_word' id='word_1_102' title='bbox 152 2029 279 2126; x_wconf 90' lang='lat' dir='ltr'><strong>populo</strong></span> <span class='ocrx_word' id='word_1_103' title='bbox 300 2031 420 2104; x_wconf 75' lang='lat' dir='ltr'><strong>iterium</strong></span> <span class='ocrx_word' id='word_1_104' title='bbox 441 2030 590 2119; x_wconf 86' lang='lat' dir='ltr'><strong>recitata,</strong></span> <span class='ocrx_word' id='word_1_105' title='bbox 618 2030 696 2098; x_wconf 90' lang='lat' dir='ltr'><strong>novi</strong></span> <span class='ocrx_word' id='word_1_106' title='bbox 717 2028 927 2124; x_wconf 79' lang='lat' dir='ltr'><strong>principatds</strong></span> <span class='ocrx_word' id='word_1_107' title='bbox 946 2028 987 2097; x_wconf 90' lang='lat' dir='ltr'><strong>de</strong></span> <span class='ocrx_word' id='word_1_108' title='bbox 1004 2027 1225 2124; x_wconf 83' lang='lat' dir='ltr'><strong>religionibus</strong></span> 
     </span>
     <span class='ocr_line' id='line_1_18' title="bbox 151 2145 1210 2242; baseline -0.003 -27"><span class='ocrx_word' id='word_1_109' title='bbox 151 2145 328 2216; x_wconf 85' lang='lat' dir='ltr'><strong>consilium</strong></span> <span class='ocrx_word' id='word_1_110' title='bbox 346 2148 487 2242; x_wconf 86' lang='lat' dir='ltr'><strong>imperio</strong></span> <span class='ocrx_word' id='word_1_111' title='bbox 502 2145 725 2215; x_wconf 84' lang='lat' dir='ltr'><strong>denuntiavit.</strong></span> <span class='ocrx_word' id='word_1_112' title='bbox 1208 2146 1210 2150; x_wconf 72' lang='grc'>’</span> 
     </span>
     <span class='ocr_line' id='line_1_19' title="bbox 154 2258 1224 2355; baseline 0.001 -27"><span class='ocrx_word' id='word_1_113' title='bbox 154 2324 157 2328; x_wconf 91' lang='grc'>.</span> <span class='ocrx_word' id='word_1_114' title='bbox 199 2259 253 2331; x_wconf 84' lang='lat' dir='ltr'><strong>Ad</strong></span> <span class='ocrx_word' id='word_1_115' title='bbox 278 2260 527 2355; x_wconf 88' lang='lat' dir='ltr'><strong>suscipiendum</strong></span> <span class='ocrx_word' id='word_1_116' title='bbox 554 2285 662 2332; x_wconf 77' lang='lat' dir='ltr'><strong>causae</strong></span> <span class='ocrx_word' id='word_1_117' title='bbox 676 2285 736 2354; x_wconf 79' lang='lat' dir='ltr'><strong>per</strong></span> <span class='ocrx_word' id='word_1_118' title='bbox 762 2283 832 2331; x_wconf 81' lang='lat' dir='ltr'><strong>sese</strong></span> <span class='ocrx_word' id='word_1_119' title='bbox 853 2258 1047 2352; x_wconf 72' lang='lat' dir='ltr'><strong>justissimas</strong></span> <span class='ocrx_word' id='word_1_120' title='bbox 1077 2260 1224 2352; x_wconf 86' lang='lat' dir='ltr'><strong>patroci-</strong></span> 
     </span>
     <span class='ocr_line' id='line_1_20' title="bbox 152 2360 1223 2470; baseline -0.004 -27"><span class='ocrx_word' id='word_1_121' title='bbox 152 2375 259 2462; x_wconf 83' lang='lat' dir='ltr'><strong>nium,</strong></span> <span class='ocrx_word' id='word_1_122' title='bbox 281 2402 349 2447; x_wconf 90' lang='lat' dir='ltr'><strong>uon</strong></span> <span class='ocrx_word' id='word_1_123' title='bbox 366 2374 474 2449; x_wconf 74' lang='lat' dir='ltr'><strong>solium</strong></span> <span class='ocrx_word' id='word_1_124' title='bbox 496 2377 581 2451; x_wconf 87' lang='lat' dir='ltr'><strong>ratio</strong></span> <span class='ocrx_word' id='word_1_125' title='bbox 598 2391 630 2448; x_wconf 86' lang='lat' dir='ltr'><strong>et</strong></span> <span class='ocrx_word' id='word_1_126' title='bbox 648 2360 951 2470; x_wconf 59' lang='lat' dir='ltr'><strong>philosophiassed</strong></span> <span class='ocrx_word' id='word_1_127' title='bbox 965 2373 1097 2445; x_wconf 84' lang='lat' dir='ltr'><strong>tutandi</strong></span> <span class='ocrx_word' id='word_1_128' title='bbox 1115 2374 1223 2467; x_wconf 84' lang='lat' dir='ltr'><strong>impe-</strong></span> 
     </span>
     <span class='ocr_line' id='line_1_21' title="bbox 152 2476 1224 2581; baseline 0.001 -24"><span class='ocrx_word' id='word_1_129' title='bbox 152 2490 192 2559; x_wconf 90' lang='lat' dir='ltr'><strong>rii</strong></span> <span class='ocrx_word' id='word_1_130' title='bbox 218 2490 401 2567; x_wconf 84' lang='lat' dir='ltr'><strong>fatiscentis</strong></span> <span class='ocrx_word' id='word_1_131' title='bbox 437 2492 614 2565; x_wconf 85' lang='lat' dir='ltr'><strong>necessitas</strong></span> <span class='ocrx_word' id='word_1_132' title='bbox 642 2476 750 2564; x_wconf 84' lang='lat' dir='ltr'><strong>virum</strong></span> <span class='ocrx_word' id='word_1_133' title='bbox 779 2503 811 2557; x_wconf 91' lang='lat' dir='ltr'><strong>et</strong></span> <span class='ocrx_word' id='word_1_134' title='bbox 838 2490 944 2562; x_wconf 87' lang='lat' dir='ltr'><strong>civem</strong></span> <span class='ocrx_word' id='word_1_135' title='bbox 967 2488 1133 2581; x_wconf 85' lang='lat' dir='ltr'><strong>optimum</strong></span> <span class='ocrx_word' id='word_1_136' title='bbox 1165 2512 1224 2558; x_wconf 78' lang='lat' dir='ltr'><strong>co-</strong></span> 
     </span>
    </p>
   </div>
   <div class='ocr_carea' id='block_1_2' title="bbox 152 2599 1330 2696">
    <p class='ocr_par' dir='ltr' id='par_1_4' title="bbox 152 2599 1330 2696">
     <span class='ocr_line' id='line_1_22' title="bbox 152 2599 1330 2696; baseline -0.004 -22"><span class='ocrx_word' id='word_1_137' title='bbox 152 2604 385 2679; x_wconf 87' lang='lat' dir='ltr'><strong>hortabantur.</strong></span> <span class='ocrx_word' id='word_1_138' title='bbox 404 2608 492 2679; x_wconf 89' lang='lat' dir='ltr'><strong>Hiuc</strong></span> <span class='ocrx_word' id='word_1_139' title='bbox 506 2605 595 2679; x_wconf 91' lang='lat' dir='ltr'><strong>enim</strong></span> <span class='ocrx_word' id='word_1_140' title='bbox 614 2604 763 2688; x_wconf 88' lang='lat' dir='ltr'><strong>Gottbis,</strong></span> <span class='ocrx_word' id='word_1_141' title='bbox 777 2601 870 2675; x_wconf 90' lang='lat' dir='ltr'><strong>illinc</strong></span> <span class='ocrx_word' id='word_1_142' title='bbox 882 2599 989 2671; x_wconf 89' lang='lat' dir='ltr'><strong>Persis</strong></span> <span class='ocrx_word' id='word_1_143' title='bbox 1007 2601 1223 2696; x_wconf 82' lang='lat' dir='ltr'><strong>urgentibus,</strong></span> <span class='ocrx_word' id='word_1_144' title='bbox 1329 2687 1330 2690; x_wconf 8' lang='grc' dir='ltr'><strong>Ἴ</strong></span> 
     </span>
    </p>
   </div>
   <div class='ocr_carea' id='block_1_3' title="bbox 130 2715 1225 3388">
    <p class='ocr_par' dir='ltr' id='par_1_5' title="bbox 130 2715 1225 3388">
     <span class='ocr_line' id='line_1_23' title="bbox 130 2715 1223 2817; baseline -0.009 -24"><span class='ocrx_word' id='word_1_145' title='bbox 130 2767 133 2773; x_wconf 88' lang='lat'>.</span> <span class='ocrx_word' id='word_1_146' title='bbox 152 2720 297 2796; x_wconf 82' lang='lat' dir='ltr'><strong>martimo</strong></span> <span class='ocrx_word' id='word_1_147' title='bbox 312 2745 439 2815; x_wconf 84' lang='lat' dir='ltr'><strong>angore</strong></span> <span class='ocrx_word' id='word_1_148' title='bbox 453 2720 556 2794; x_wconf 88' lang='lat' dir='ltr'><strong>animi</strong></span> <span class='ocrx_word' id='word_1_149' title='bbox 566 2718 758 2817; x_wconf 84' lang='lat' dir='ltr'><strong>jactabatur</strong></span> <span class='ocrx_word' id='word_1_150' title='bbox 772 2715 1053 2815; x_wconf 90' lang='lat' dir='ltr'><strong>prudentissimus</strong></span> <span class='ocrx_word' id='word_1_151' title='bbox 1065 2716 1223 2813; x_wconf 78' lang='lat' dir='ltr'><strong>quisque,</strong></span> 
     </span>
     <span class='ocr_line' id='line_1_24' title="bbox 151 2829 1225 2935; baseline -0.003 -35"><span class='ocrx_word' id='word_1_152' title='bbox 151 2833 375 2931; x_wconf 87' lang='lat' dir='ltr'><strong>laudibusque</strong></span> <span class='ocrx_word' id='word_1_153' title='bbox 396 2833 514 2935; x_wconf 85' lang='lat' dir='ltr'><strong>patriae</strong></span> <span class='ocrx_word' id='word_1_154' title='bbox 536 2831 707 2903; x_wconf 89' lang='lat' dir='ltr'><strong>servandis</strong></span> <span class='ocrx_word' id='word_1_155' title='bbox 731 2831 990 2920; x_wconf 85' lang='lat' dir='ltr'><strong>intentissimus,</strong></span> <span class='ocrx_word' id='word_1_156' title='bbox 1016 2829 1121 2927; x_wconf 82' lang='lat' dir='ltr'><strong>qulnn</strong></span> <span class='ocrx_word' id='word_1_157' title='bbox 1147 2855 1225 2928; x_wconf 78' lang='lat' dir='ltr'><strong>per-</strong></span> 
     </span>
     <span class='ocr_line' id='line_1_25' title="bbox 149 2945 1225 3049; baseline -0.002 -32"><span class='ocrx_word' id='word_1_158' title='bbox 149 2950 266 3048; x_wconf 73' lang='lat' dir='ltr'><strong>spicue</strong></span> <span class='ocrx_word' id='word_1_159' title='bbox 289 2964 453 3039; x_wconf 83' lang='lat' dir='ltr'><strong>cerneret,</strong></span> <span class='ocrx_word' id='word_1_160' title='bbox 472 2963 600 3049; x_wconf 91' lang='lat' dir='ltr'><strong>quanta</strong></span> <span class='ocrx_word' id='word_1_161' title='bbox 617 2945 717 3016; x_wconf 90' lang='lat' dir='ltr'><strong>rebus</strong></span> <span class='ocrx_word' id='word_1_162' title='bbox 740 2947 902 3021; x_wconf 88' lang='lat' dir='ltr'><strong>Romanis</strong></span> <span class='ocrx_word' id='word_1_163' title='bbox 921 2945 1129 3043; x_wconf 88' lang='lat' dir='ltr'><strong>impenderet</strong></span> <span class='ocrx_word' id='word_1_164' title='bbox 1146 2971 1225 3041; x_wconf 79' lang='lat' dir='ltr'><strong>per-</strong></span> 
     </span>
     <span class='ocr_line' id='line_1_26' title="bbox 151 3061 1222 3158; baseline -0.003 -26"><span class='ocrx_word' id='word_1_165' title='bbox 151 3066 254 3134; x_wconf 88' lang='lat' dir='ltr'><strong>nicies</strong></span> <span class='ocrx_word' id='word_1_166' title='bbox 271 3091 310 3134; x_wconf 85' lang='lat' dir='ltr'><strong>ex</strong></span> <span class='ocrx_word' id='word_1_167' title='bbox 333 3065 491 3134; x_wconf 72' lang='lat' dir='ltr'><strong>intestinis</strong></span> <span class='ocrx_word' id='word_1_168' title='bbox 513 3063 554 3134; x_wconf 92' lang='lat' dir='ltr'><strong>de</strong></span> <span class='ocrx_word' id='word_1_169' title='bbox 579 3061 801 3158; x_wconf 84' lang='lat' dir='ltr'><strong>religionibus</strong></span> <span class='ocrx_word' id='word_1_170' title='bbox 831 3061 999 3131; x_wconf 72' lang='lat' dir='ltr'><strong>discordiis</strong></span> <span class='ocrx_word' id='word_1_171' title='bbox 1013 3061 1080 3158; x_wconf 80' lang='lat'><strong>(3).</strong></span> <span class='ocrx_word' id='word_1_172' title='bbox 1108 3063 1222 3154; x_wconf 82' lang='lat' dir='ltr'><strong>lllagni</strong></span> 
     </span>
     <span class='ocr_line' id='line_1_27' title="bbox 150 3176 1223 3276; baseline 0.001 -30"><span class='ocrx_word' id='word_1_173' title='bbox 150 3180 254 3276; x_wconf 83' lang='lat' dir='ltr'><strong>igitur</strong></span> <span class='ocrx_word' id='word_1_174' title='bbox 272 3182 395 3251; x_wconf 88' lang='lat' dir='ltr'><strong>referre</strong></span> <span class='ocrx_word' id='word_1_175' title='bbox 404 3180 446 3249; x_wconf 91' lang='lat' dir='ltr'><strong>ad</strong></span> <span class='ocrx_word' id='word_1_176' title='bbox 466 3176 607 3249; x_wconf 91' lang='lat' dir='ltr'><strong>salutern</strong></span> <span class='ocrx_word' id='word_1_177' title='bbox 627 3177 818 3273; x_wconf 87' lang='lat' dir='ltr'><strong>reipublicae</strong></span> <span class='ocrx_word' id='word_1_178' title='bbox 832 3176 1024 3267; x_wconf 87' lang='lat' dir='ltr'><strong>censebant,</strong></span> <span class='ocrx_word' id='word_1_179' title='bbox 1041 3176 1068 3246; x_wconf 87' lang='lat' dir='ltr'><strong>si</strong></span> <span class='ocrx_word' id='word_1_180' title='bbox 1085 3176 1223 3270; x_wconf 81' lang='lat' dir='ltr'><strong>disjecta</strong></span> 
     </span>
     <span class='ocr_line' id='line_1_28' title="bbox 149 3290 1222 3388; baseline -0.002 -28"><span class='ocrx_word' id='word_1_181' title='bbox 149 3293 185 3361; x_wconf 92' lang='lat' dir='ltr'><strong>in</strong></span> <span class='ocrx_word' id='word_1_182' title='bbox 207 3320 312 3364; x_wconf 91' lang='lat' dir='ltr'><strong>unum</strong></span> <span class='ocrx_word' id='word_1_183' title='bbox 330 3292 553 3364; x_wconf 87' lang='lat' dir='ltr'><strong>coalescerent</strong></span> <span class='ocrx_word' id='word_1_184' title='bbox 567 3290 683 3388; x_wconf 89' lang='lat' dir='ltr'><strong>populi</strong></span> <span class='ocrx_word' id='word_1_185' title='bbox 695 3292 826 3361; x_wconf 91' lang='lat' dir='ltr'><strong>romani</strong></span> <span class='ocrx_word' id='word_1_186' title='bbox 837 3292 1000 3361; x_wconf 90' lang='lat' dir='ltr'><strong>membra.</strong></span> <span class='ocrx_word' id='word_1_187' title='bbox 1016 3294 1222 3384; x_wconf 89' lang='lat' dir='ltr'><strong>Haecaperta</strong></span> 
     </span>
    </p>
   </div>
   <div class='ocr_carea' id='block_1_4' title="bbox 149 3412 1222 3510">
    <p class='ocr_par' dir='ltr' id='par_1_6' title="bbox 149 3412 1222 3510">
     <span class='ocr_line' id='line_1_29' title="bbox 149 3412 1222 3510; baseline 0 -26"><span class='ocrx_word' id='word_1_188' title='bbox 149 3412 278 3487; x_wconf 83' lang='lat' dir='ltr'><strong>faciunt</strong></span> <span class='ocrx_word' id='word_1_189' title='bbox 298 3418 369 3510; x_wconf 87' lang='lat' dir='ltr'><strong>ipsa</strong></span> <span class='ocrx_word' id='word_1_190' title='bbox 382 3415 497 3488; x_wconf 83' lang='lat' dir='ltr'><strong>Nostri</strong></span> <span class='ocrx_word' id='word_1_191' title='bbox 513 3414 614 3484; x_wconf 84' lang='lat' dir='ltr'><strong>verba</strong></span> <span class='ocrx_word' id='word_1_192' title='bbox 630 3442 638 3484; x_wconf 94' lang='lat'><strong>:</strong></span> <span class='ocrx_word' id='word_1_193' title='bbox 652 3420 772 3485; x_wconf 60' lang='lat' dir='ltr'><strong>Tantos</strong></span> <span class='ocrx_word' id='word_1_194' title='bbox 791 3421 850 3510; x_wconf 79' lang='grc' dir='ltr'><strong>ἐγὼ</strong></span> <span class='ocrx_word' id='word_1_195' title='bbox 871 3421 923 3485; x_wconf 86' lang='grc' dir='ltr'><strong>τὸν</strong></span> <span class='ocrx_word' id='word_1_196' title='bbox 944 3417 1035 3509; x_wconf 78' lang='grc' dir='ltr'>νόμον</span> <span class='ocrx_word' id='word_1_197' title='bbox 1056 3418 1089 3484; x_wconf 83' lang='grc' dir='ltr'><strong>οὐ</strong></span> <span class='ocrx_word' id='word_1_198' title='bbox 1105 3418 1222 3504; x_wconf 63' lang='lat' dir='ltr'><strong>paviri·-</strong></span> 
     </span>
    </p>
   </div>
   <div class='ocr_carea' id='block_1_5' title="bbox 148 3589 1221 4061">
    <p class='ocr_par' dir='ltr' id='par_1_7' title="bbox 148 3589 1220 3760">
     <span class='ocr_line' id='line_1_30' title="bbox 190 3589 1220 3672; baseline 0 -24"><span class='ocrx_word' id='word_1_199' title='bbox 190 3594 226 3668; x_wconf 88' lang='lat'><strong>(1)</strong></span> <span class='ocrx_word' id='word_1_200' title='bbox 250 3593 287 3650; x_wconf 88' lang='lat' dir='ltr'><strong>Ol</strong></span> <span class='ocrx_word' id='word_1_201' title='bbox 308 3590 497 3672; x_wconf 72' lang='grc' dir='ltr'>τριὸωνοφόροι</span> <span class='ocrx_word' id='word_1_202' title='bbox 507 3590 567 3658; x_wconf 80' lang='grc' dir='ltr'>τοὺς</span> <span class='ocrx_word' id='word_1_203' title='bbox 581 3589 712 3670; x_wconf 68' lang='lat' dir='ltr'><strong>aspidum&lt;</strong></span> <span class='ocrx_word' id='word_1_204' title='bbox 724 3589 860 3660; x_wconf 81' lang='grc' dir='ltr'>ἀπέθεντο,</span> <span class='ocrx_word' id='word_1_205' title='bbox 886 3591 983 3667; x_wconf 87' lang='lat' dir='ltr'><strong>inquit</strong></span> <span class='ocrx_word' id='word_1_206' title='bbox 1002 3593 1147 3667; x_wconf 79' lang='lat' dir='ltr'><strong>Socrates,</strong></span> <span class='ocrx_word' id='word_1_207' title='bbox 1170 3593 1220 3656; x_wconf 77' lang='lat' dir='ltr'><strong>lib,</strong></span> 
     </span>
     <span class='ocr_line' id='line_1_31' title="bbox 148 3688 328 3760; baseline -0.006 -16"><span class='ocrx_word' id='word_1_208' title='bbox 148 3688 199 3760; x_wconf 85' lang='grc' dir='ltr'>ΙΙΙ,</span> <span class='ocrx_word' id='word_1_209' title='bbox 211 3710 235 3746; x_wconf 86' lang='lat' dir='ltr'><strong>c.</strong></span> <span class='ocrx_word' id='word_1_210' title='bbox 248 3708 328 3744; x_wconf 85' lang='lat' dir='ltr'><strong>xxrv.</strong></span> 
     </span>
    </p>

    <p class='ocr_par' dir='ltr' id='par_1_8' title="bbox 191 3784 604 3864">
     <span class='ocr_line' id='line_1_32' title="bbox 191 3784 604 3864; baseline 0 -23"><span class='ocrx_word' id='word_1_211' title='bbox 191 3784 233 3863; x_wconf 74' lang='lat' dir='ltr'><strong>(a)</strong></span> <span class='ocrx_word' id='word_1_212' title='bbox 254 3786 333 3843; x_wconf 89' lang='lat' dir='ltr'><strong>Orat.</strong></span> <span class='ocrx_word' id='word_1_213' title='bbox 351 3787 385 3856; x_wconf 92' lang='lat' dir='ltr'><strong>V,</strong></span> <span class='ocrx_word' id='word_1_214' title='bbox 402 3806 432 3864; x_wconf 83' lang='lat' dir='ltr'><strong>p.</strong></span> <span class='ocrx_word' id='word_1_215' title='bbox 447 3787 484 3853; x_wconf 76' lang='lat'><strong>64</strong></span> <span class='ocrx_word' id='word_1_216' title='bbox 500 3786 560 3843; x_wconf 88' lang='lat' dir='ltr'><strong>init.</strong></span> <span class='ocrx_word' id='word_1_217' title='bbox 602 3823 604 3827; x_wconf 93' lang='lat'><em>-</em></span> 
     </span>
    </p>

    <p class='ocr_par' dir='ltr' id='par_1_9' title="bbox 150 3885 1221 4061">
     <span class='ocr_line' id='line_1_33' title="bbox 188 3885 1221 3967; baseline 0 -22"><span class='ocrx_word' id='word_1_218' title='bbox 188 3887 227 3965; x_wconf 81' lang='lat'><strong>(3)</strong></span> <span class='ocrx_word' id='word_1_219' title='bbox 249 3885 361 3946; x_wconf 85' lang='lat' dir='ltr'><strong>Videsis</strong></span> <span class='ocrx_word' id='word_1_220' title='bbox 373 3886 538 3964; x_wconf 87' lang='lat' dir='ltr'><strong>Symmachi</strong></span> <span class='ocrx_word' id='word_1_221' title='bbox 550 3887 730 3957; x_wconf 87' lang='lat' dir='ltr'><strong>relationem,</strong></span> <span class='ocrx_word' id='word_1_222' title='bbox 753 3899 781 3942; x_wconf 89' lang='lat' dir='ltr'><strong>et</strong></span> <span class='ocrx_word' id='word_1_223' title='bbox 796 3885 874 3964; x_wconf 84' lang='lat' dir='ltr'><strong>apud</strong></span> <span class='ocrx_word' id='word_1_224' title='bbox 888 3890 1023 3964; x_wconf 72' lang='lat' dir='ltr'><strong>Beuguot,</strong></span> <span class='ocrx_word' id='word_1_225' title='bbox 1039 3900 1058 3946; x_wconf 88' lang='lat' dir='ltr'><strong>t.</strong></span> <span class='ocrx_word' id='word_1_226' title='bbox 1075 3888 1112 3964; x_wconf 78' lang='grc' dir='ltr'><strong>ΙΙ,</strong></span> <span class='ocrx_word' id='word_1_227' title='bbox 1126 3910 1155 3967; x_wconf 94' lang='lat' dir='ltr'><strong>p.</strong></span> <span class='ocrx_word' id='word_1_228' title='bbox 1171 3892 1221 3964; x_wconf 74' lang='lat'><strong>82,</strong></span> 
     </span>
     <span class='ocr_line' id='line_1_34' title="bbox 150 3983 995 4061; baseline 0.002 -21"><span class='ocrx_word' id='word_1_229' title='bbox 150 4004 212 4060; x_wconf 87' lang='lat' dir='ltr'><strong>sqq.</strong></span> <span class='ocrx_word' id='word_1_230' title='bbox 230 3983 380 4042; x_wconf 85' lang='lat' dir='ltr'><strong>Volusiani</strong></span> <span class='ocrx_word' id='word_1_231' title='bbox 396 3983 576 4060; x_wconf 86' lang='lat' dir='ltr'><strong>proconsulis</strong></span> <span class='ocrx_word' id='word_1_232' title='bbox 592 3983 676 4042; x_wconf 89' lang='lat' dir='ltr'><strong>adl).</strong></span> <span class='ocrx_word' id='word_1_233' title='bbox 697 3983 887 4061; x_wconf 70' lang='lat' dir='ltr'><strong>augustinum</strong></span> <span class='ocrx_word' id='word_1_234' title='bbox 901 3983 995 4042; x_wconf 86' lang='lat' dir='ltr'><strong>verbu.</strong></span> 
     </span>
    </p>
   </div>
   <div class='ocr_carea' id='block_1_6' title="bbox 0 0 1380 4688">
    <p class='ocr_par' dir='ltr' id='par_1_10' title="bbox 0 0 1380 4688">
     <span class='ocr_line' id='line_1_35' title="bbox 0 0 1380 4688; baseline 0 3"><span class='ocrx_word' id='word_1_235' title='bbox 0 0 1380 4688; x_wconf 95' lang='lat' dir='ltr'><strong> </strong></span> 
     </span>
    </p>
   </div>
  </div>
 </body>
</html>
