2752 4688
598 339 773 400 -61-

148 472 240 542 mium
258 473 402 543 valuisse
426 474 624 561 doctrinam,
650 477 745 568 cujus
762 481 799 544 ea
818 479 865 544 vis
888 493 970 567 erat,
990 495 1028 548 ut
1050 480 1213 575 populum

150 590 292 659 maxime
310 592 501 687 respiceret,
519 615 622 658 unam
638 615 771 660 morum
789 593 1015 664 innocentiam
1028 610 1212 689 spectaret,

150 727 251 772 unam
280 705 437 773 virtutem
467 705 581 798 magui
610 704 781 798 penderet.
805 707 920 795 Quum
943 732 1031 776 novo
1057 710 1216 804 tanquam

149 817 272 913 spiritu
284 833 518 911 penetraretur
532 821 691 888 universa
706 821 885 890 hominum
902 824 1054 910 societas,
1068 848 1216 917 quonam

151 931 253 1000 modo
269 931 421 1026 gliscenti
432 959 503 1004 sese
512 935 705 1030 contagioni
724 935 962 1006 subduxissent
974 936 1153 1032 sophistae?

200 1049 307 1117 Nemo
335 1062 447 1116 tamen
469 1047 688 1137 inficiabitur,
716 1051 751 1118 in
774 1051 967 1147 peragenda
989 1051 1082 1120 tanta
1104 1075 1216 1122 rerum

152 1161 407 1247 immutatione,
425 1163 593 1256 egregiam
619 1187 753 1257 operam
775 1163 957 1232 contulisse
983 1167 1218 1258 praestantissi-

153 1256 224 1341 mos
234 1272 483 1368 illosviros,qui
499 1276 606 1346 india
620 1277 767 1347 Socratis
777 1303 849 1347 aevo
861 1294 968 1347 totam
977 1304 1111 1349 morum
1120 1283 1219 1351 ratio·

152 1411 228 1455 nem
264 1391 481 1458 tractaverint
509 1405 610 1485 atque
648 1390 898 1462 elucidaverim.
929 1395 1071 1464 Constat
1099 1421 1216 1464 eorum

153 1503 284 1597 scriptis
311 1506 516 1598 penitissime
538 1504 704 1574 imbutum
724 1507 825 1575 fuisse
849 1508 1119 1578 Christianorum
1143 1537 1219 1582 ora·

155 1633 265 1687 torum
298 1618 551 1688 disertissimum
583 1645 765 1714 quemque.
792 1620 850 1693 Nil
876 1623 1001 1691 mirum
1031 1623 1135 1717 igitur
1159 1630 1219 1696 Pa·

156 1745 245 1800 trum
265 1730 464 1826 eloquentiae
488 1732 666 1802 finitimam
690 1734 808 1827 saepins
826 1734 931 1804 videri
952 1737 1126 1807 Themistii
1145 1764 1220 1808 ora·

155 1847 292 1934 tionem,
314 1849 441 1944 qnippe
462 1873 537 1940 quae
563 1848 680 1918 iisdem
704 1875 722 1918 e
747 1850 898 1919 fontibus
924 1850 993 1920 fere
1020 1855 1218 1923 manaverit.

154 1963 242 2030 Sunt
258 1961 392 2055 quidem
411 1962 500 2055 apud
515 1965 677 2033 Nostrum
692 1963 812 2051 multa,
828 1990 902 2058 quae
921 1965 964 2034 ad
976 1970 1019 2036 D.
1039 1965 1151 2036 Basilii
1170 1967 1221 2036 di·

153 2077 301 2145 ctionem
320 2074 390 2146 tam
409 2079 514 2170 prope
531 2077 704 2165 accedant,
728 2093 764 2146 ut
784 2080 837 2146 vix
851 2104 888 2147 ea
907 2079 1097 2150 discernere
1114 2081 1220 2152 licent.

204 2191 377 2284 Nusquam
411 2188 491 2259 verb
512 2191 718 2261 manifestius
740 2193 896 2287 proditur
918 2195 1076 2264 notabilis
1103 2221 1140 2264 ea
1173 2197 1223 2265 di·

108 2338 113 2345 ·
155 2314 253 2383 cendi
272 2314 434 2402 affinitas,
454 2316 555 2409 quam
573 2318 605 2382 in
621 2317 754 2411 egregia
774 2315 832 2385 illa
849 2319 917 2411 περὶ
928 2320 1036 2399 Φιλίας
1051 2319 1220 2388 oratione.

157 2433 252 2499 Hanc
266 2429 349 2497 mihi
360 2428 466 2498 multet
476 2455 554 2499 oum
568 2429 742 2524 voluptate
753 2429 891 2526 legenti,
903 2431 980 2500 Divi
990 2432 1224 2525 Chrysostomi
1248 2509 1252 2525 .

155 2545 344 2637 gratissima
366 2570 431 2613 vox
454 2571 551 2614 aures
574 2545 666 2613 haud
694 2545 793 2614 semel
821 2571 1000 2639 personare
1025 2547 1224 2634 videbatur3

157 2675 208 2727 est
224 2662 314 2729 enim
333 2657 448 2729 eadem
467 2660 628 2742 suavitas,
651 2658 738 2726 idem
756 2658 825 2727 fere
838 2661 1082 2728 sententiarum
1101 2686 1225 2755 genus,

157 2781 251 2851 color
264 2781 429 2850 orationis
441 2780 542 2868 idem,
559 2780 677 2848 eadem
692 2780 810 2849 lenitas
825 2782 935 2851 monis
950 2806 957 2850 :
973 2790 1166 2877 Προςακτέον
1190 2779 1226 2854 δὲ

156 2913 211 3006 οὖα
231 2912 317 2995 αὐτῷ
343 2907 425 3000 μόνῳ
446 2913 491 2992 τῷ
509 2906 696 2998 θηρευομόνῳ
721 2895 844 2999 (pallos)
870 2904 927 2986 τὰς
957 2907 1117 3000 μηχανὰς,
1146 2908 1226 2977 ἀλλὰ

157 3029 304 3111 κάκείνοις
318 3027 347 3099 οἳ
360 3032 547 3122 προαλόντες
561 3024 705 3098 ἐπιόατὸν
722 3036 794 3123 ἡμῖν
812 3032 898 3125 ἔργον
913 3034 1086 3106 ποιήσουσι.
1102 3033 1140 3102 Εἰ
1153 3031 1226 3129 γὰρ,

158 3155 240 3224 κατὰ
255 3161 310 3231 τὴν
324 3155 501 3248 παροιμίαν,
518 3154 569 3222 καὶ
582 3155 636 3221 τὸν
654 3158 818 3222 εὐνοοῦντα
839 3153 890 3222 καὶ
909 3157 988 3222 κόων
1009 3154 1124 3242 σαίνει,
1142 3156 1227 3243 πόσῳ

159 3272 196 3357 δὴ
217 3283 333 3373 μοῖιλον
359 3275 389 3345 εὖ
414 3278 587 3369 πάσχοντες
610 3275 763 3370 ἅνθρωποι
784 3277 893 3370 ἥμεροί
910 3303 944 3345 τε
962 3279 1014 3346 καὶ
1033 3279 1163 3346 τιθασοὶ
1180 3280 1227 3374 γό-

158 3429 263 3471 νονται
277 3405 352 3496 πρὸξ
372 3404 427 3470 τὸν
441 3400 474 3469 εὖ
494 3396 715 3494 ἐργαζόμενονρ
733 3401 799 3469 ἐπεὶ
824 3401 876 3468 καὶ
895 3404 990 3494 μέγας
1008 3407 1024 3468 ὁ
1039 3402 1120 3496 ἀγὼν
1132 3453 1143 3487 ,
1156 3404 1228 3471 τότε

157 3525 352 3618 θηρευόμενον
367 3529 401 3592 οὐ
415 3525 535 3618 λαγωός
554 3514 626 3590 οὐδὲ
647 3534 698 3601 σῦς
717 3516 788 3589 οὐδὲ
804 3523 937 3613 ἔλαφος,
954 3522 1035 3590 ἀλλὰ
1050 3525 1088 3591 τὸ
1103 3525 1227 3592 πάντων

159 3645 241 3738 ζῴων
258 3649 469 3716 εὐκολώτατόν
489 3646 591 3715 τεκαὶ
608 3649 828 3739 ήμερώτατον;
849 3647 985 3738 μιμητέα
1004 3644 1054 3714 οὖν
1074 3650 1150 3740 πρὸς
1171 3651 1228 3722 τὴν
1271 3696 1273 3700 s

160 3773 255 3867 ἄγραν
267 3777 362 3839 αὐτοῦ
371 3771 443 3850 τοὺς
458 3774 586 3864 κούρους
599 3769 746 3862 lapaut-nic
758 3796 764 3810 ·
777 3769 913 3863 καθάπερ
929 3765 979 3838 οὖν
994 3771 1099 3839 ἐκεῖνοι
1111 3770 1229 3863 priverni

108 3892 112 3899 ⁸
161 3923 195 3964 τε
204 3886 825 3990 καὶτρυγόνιατιόαοεόοντες,διόιτούτων
834 3889 876 3960 τοὶ
888 3893 1228 3989 ὀμόρυλαγοητιόοοσι,

159 4022 211 4088 ααὶ
229 4019 340 4088 ἑκόντα
357 4020 530 4112 ὑπάγονται
549 4019 589 4096 εἰς
612 4018 664 4085 τὸν
694 4011 754 4093 ἰξὸν
776 4016 794 4092 ἢ
815 4019 886 4096 τοὺς
916 4017 1064 4110 βρόχους,
1084 4011 1145 4085 ὦδε
1170 4015 1229 4108 ἄρα
