2752 4688
230 396 234 401 ρ
594 339 639 351 -
663 309 704 371 aa
728 303 770 354 -'-

151 437 287 506 ahsente
307 439 483 521 Gratiano,
503 439 585 506 ΧΙΙΙ
601 437 846 532 orationesubi
867 435 948 504 duas
973 424 1086 530 partes
1108 433 1222 505 seduli>

151 550 427 620 animadverteris
444 577 452 618 z
470 575 569 618 unum
594 552 694 644 piane
709 551 934 646 nugatoriam,
950 552 984 618 in
1000 553 1066 643 qui
1083 550 1222 620 callidus

150 652 277 747 orator,
291 691 333 734 ne
351 664 514 758 patefacti
528 667 693 733 sententiat
707 666 869 759 principis
884 664 1046 735 offensam
1062 667 1222 752 incurrat,

150 780 186 848 in
199 779 335 849 laudem
349 778 627 884 pulchritudinis
644 781 800 851 Gratiani
818 783 1046 874 exspatiatur:
1066 779 1219 872 alteram,

151 895 220 981 ubi,
247 921 316 967 rem
343 921 455 990 agens,
475 911 626 965 veterum
656 899 756 966 sacris
781 895 987 991 apertissimi
1017 896 1167 965 deditum
1189 924 1223 967 se

150 1010 341 1104 profitetur,
374 1015 515 1081 Romam
536 1037 707 1080 sacrorum
739 1012 870 1105 generis
897 1012 1035 1080 humani
1054 1037 1166 1081 arcem
1191 1028 1223 1081 et

150 1125 359 1219 praesidium,
383 1130 681 1220 Romanorumque
701 1141 895 1196 senatorum
917 1128 1073 1220 pietatem
1096 1128 1224 1224 magni·

150 1247 373 1318 ficentissimis
392 1250 502 1319 verbis
525 1250 683 1321 extollit:
708 1239 736 1321 H
763 1258 863 1329 κλεινὴ
890 1254 942 1320 καὶ
962 1245 1102 1345 ἀοίδιμος
1126 1239 1221 1346 Ῥώμη

150 1374 283 1468 πέλαγός
299 1376 366 1440 ἐστι
381 1374 511 1455 κάλλους
528 1371 684 1470 ἄφραστον
697 1376 748 1443 καὶ
759 1369 957 1470 ἀνεξῆγητον,
969 1374 1005 1454 ἧς
1021 1380 1087 1450 ἥκω
1102 1376 1219 1461 θεατής.

149 1494 213 1565 Καί
237 1502 293 1565 οὐκ
319 1499 512 1567 ἀπσλίλοιπα
533 1501 604 1577 τοὺς
619 1504 730 1577 καλοὺς
749 1499 860 1588 νόμους
886 1498 925 1576 εἰς
949 1500 985 1566 τὸ
1011 1501 1144 1594 πέλαγος
1167 1511 1223 1569 τοῦ

148 1629 245 1691 καλοῦ
273 1617 428 1714 μεταὸὰς,
454 1621 534 1689 ἀλλὰ
560 1621 612 1688 καὶ
641 1624 773 1689 ἐνταῦθα
801 1627 920 1712 ἑτέρους
951 1627 1012 1714 ὁρῶ
1040 1625 1223 1716 ἀριωτέρους

148 1744 200 1813 καὶ
218 1742 411 1836 θειοτέρους,
434 1738 476 1822 οἷς
501 1745 629 1835 Νουμᾶς
652 1746 784 1835 ἡμῖντὸ
811 1741 887 1811 ἀστυ
907 1737 940 1821 ἐξ
964 1746 1090 1833 οὐρανοῦ
1111 1735 1222 1820 ἀνειλί-

149 1893 237 1935 σατο.
254 1871 298 1936 Δι’
317 1872 395 1960 θμάς
413 1895 481 1953 τοι,
502 1865 699 1960 ὦμακσίριοι,
716 1869 744 1935 οἱ
762 1866 823 1935 θεοὶ
847 1872 903 1941 τὴν
922 1858 1089 1960 *siricinio
1108 1868 1222 1936 ἀπολε-

146 1992 284 2075 λοίπασι,
303 1993 354 2059 καὶ
375 1997 458 2085 ὑμεῖς
478 1992 549 2058 ε’στὲ
569 1990 597 2057 οἱ
619 1992 710 2083 μέχρι
728 1992 802 2070 τέως
815 1989 1060 2083 ,ἀπομαχόμενοι
1081 1991 1123 2084 μὴ
1143 2017 1223 2059 παν·

147 2108 266 2182 ποίπασι
290 2120 346 2190 τὴν
367 2117 479 2191 θνητὴν
495 2117 582 2205 φύσιν
601 2124 656 2193 τῆς
679 2113 832 2182 ἀθανάτου
845 2115 1093 2208 ἀπορραγῆναι...
1118 2117 1181 2181 Καὶ
1201 2125 1220 2191 ἡ

148 2243 287 2332 παναγὴς
307 2239 359 2306 καὶ
380 2237 444 2332 ἱερὰ
465 2234 607 2305 πολιτεία
624 2239 659 2312 ἢν
678 2235 760 2330 μετὰ
776 2247 833 2305 τοῦ
848 2237 916 2304 θεοῦ
937 2237 1132 2304 πολιτεύεσθε
1152 2241 1221 2305 ὅσαι

148 2365 257 2455 ἡμέραι
276 2361 327 2429 καὶ
341 2364 410 2430 ὅσαι
425 2361 501 2455 ὧραι
515 2363 587 2451 ὑπὲρ
605 2370 661 2428 τοῦ
675 2359 864 2453 ἀνθρωπίνου
879 2362 985 2453 φύλου,
996 2358 1030 2427 οὗ
1044 2361 1222 2455 προστσίται

148 2481 275 2576 ἔλάχετε
295 2481 369 2553 εἶναι
392 2486 446 2554 τὸν
465 2487 590 2554 ἅπαντα
607 2487 728 2580 χρόνον,
755 2486 854 2553 ποίλαι
874 2486 926 2577 μὲν
947 2489 1011 2561 τοῖς
1031 2485 1150 2568 ὅπλοις,
1171 2495 1221 2553 νῦν

149 2599 183 2675 ὅθ
200 2608 334 2701 ἀμείνονι
351 2609 549 2701 φυλακτηρίῳ
563 2620 603 2701 τῇ
620 2607 760 2704 ἀριστείᾳ
778 2599 792 2696 (
818 2597 845 2699 ).

195 2722 267 2790 Nee
287 2745 392 2788 unum
409 2718 493 2792 ittud
511 2715 711 2815 eloquentiae
721 2746 789 2789 snae
807 2720 974 2813 specimen
994 2723 1111 2789 Romae
1125 2721 1214 2790 vide·

148 2850 205 2904 tur
217 2837 340 2905 Noster
353 2834 507 2904 edidisse.
528 2839 669 2904 Constat
684 2837 776 2904 enim
794 2838 976 2924 Romanos,
1000 2833 1221 2906 admiratione

148 2951 313 3038 incensos,
330 2951 403 3019 viro
425 2949 557 3019 tantirm
574 2976 642 3019 non
655 2975 774 3021 manus
793 2950 954 3043 injecisse,
971 2964 1010 3018 ut
1026 2950 1126 3020 Urbis
1144 2938 1219 3023 mu-

149 3090 205 3136 seo
224 3064 319 3134 ilium
342 3065 585 3155 adsciscerent,
603 3067 761 3139 adhibitis
778 3091 847 3136 non
866 3061 967 3134 modd
989 3067 1119 3136 eximiis
1136 3093 1218 3137 oon-

148 3179 335 3248 ditionibus
353 3179 420 3274 (a),
438 3180 496 3248 sed
515 3181 633 3250 vocati
654 3182 753 3263 etiam
778 3178 988 3275 imperatoris
1008 3184 1219 3269 auctoritate,

148 3295 218 3387 qui,
237 3319 365 3363 morem
381 3293 492 3363 studio
501 3296 645 3365 civitatis
663 3320 795 3390 gerens,
810 3293 996 3365 Themistio
1012 3319 1046 3362 se
1058 3299 1219 3366 Romanae

147 3408 428 3502 peregrinationis
440 3423 613 3479 auctorem
630 3410 731 3480 fuisse
752 3410 948 3506 predicavit
962 3410 1024 3505 (3)
1043 3412 1220 3500 Quatenus

147 3525 314 3594 exanimo
327 3523 461 3594 locutus
474 3525 518 3594 sit
535 3523 604 3616 ilie,
631 3551 695 3621 ego
711 3525 843 3614 lectori,
859 3526 1005 3619 perlecti
1028 3527 1130 3598 modo
1149 3525 1220 3598 lau·

148 3639 224 3713 data
246 3641 410 3724 oratione,
429 3641 671 3711 arbitrandum·
686 3639 851 3734 relinquo.

187 3871 228 3946 (ι)
249 3871 331 3926 Orat.
348 3866 430 3934 ΧΙΙΙ,
448 3888 476 3944 p.
494 3869 558 3937 178.

188 3966 230 4040 (a)
252 3967 334 4024 Orat.
353 3962 456 4029 xxm,
472 3983 500 4039 p.
515 3963 581 4039 298.

188 4062 228 4142 (3)
250 4064 330 4122 Orat.
345 4060 445 4132 xxxi,
462 4080 488 4136 p.
504 4060 569 4125 'tta
