2752 4688
597 280 773 372 ..59ss

153 450 333 522 καθέστηκεν
352 449 488 541 ἀρωγὸς,
516 447 562 527 αἷς
578 447 620 516 τὰ
639 446 743 518 πολλὰ
759 446 847 516 κοινδι
861 449 1090 540 ἀρρωστήματα
1107 448 1160 514 καὶ
1170 444 1220 531 ,αἷς

153 574 238 665 ρθσις
258 576 443 664 ἁπανταχοῦ
459 571 658 665 ἰατρεύεσθαι.
670 570 795 637 -Καὶ
810 563 864 638 διὰ
875 582 970 638 τοῦτο
981 575 1065 665 αὐτῇ
1081 574 1219 664 ῥᾳστώνη

152 694 274 777 πλείων,
286 704 513 788 συναγαγοῦσαν
525 693 565 772 εἰς
577 695 737 766 ἐκκλησίαν
751 690 820 761 ἀνευ
833 694 964 785 σχοινίου
978 697 1221 787 μεμιλτωμένον,

153 815 301 892 ἀναέῆναι
320 818 369 885 ἐπὶ
384 821 469 911 βῆμα
484 815 612 906 ὑψηλὸν,
625 819 676 885 καὶ
694 819 822 885 ἀνειπεῖν
836 822 932 911 ὥςπερ
947 819 1012 886 θεὸν
1028 822 1062 886 ἐκ.
1072 826 1220 910 τραγικῆς

153 952 314 1034 μηχανῆς·
337 938 361 1006 ὦ
383 941 553 1032 θαυμάσιε,
574 946 690 1033 μᾶλλον
719 945 859 1036 προςήκει
884 942 1006 1029 ἑκάστῳ
1031 945 1092 1015 ,τὴν
1121 938 1220 1032 ψυχήν

152 1058 239 1143 ἀξίαν
258 1070 375 1134 πολλοῦ
398 1057 672 1143 κατασκευάζεσθαι
697 1065 716 1141 ἢ
739 1070 796 1140 τήν
817 1065 934 1147 οἰκίαν,
956 1068 992 1131 σῦ
1016 1056 1052 1131 tt
1077 1072 1143 1141 τοῖς
1156 1064 1218 1155 ,μὲν

152 1193 273 1282 τοίχοις,
283 1191 442 1283 ἐγγράφεις
464 1188 567 1258 πολλὰ
585 1189 636 1259 καὶ
659 1190 802 1275 ποικίλα,
824 1193 880 1263 την
904 1188 1007 1282 ψυχήν
1024 1183 1220 1282 δὲάγραρον
1304 1265 1307 1271 ,

150 1319 309 1406 περιορᾷς,
335 1319 431 1406 ὥςπερ
453 1321 664 1407 γραμματεῖον
689 1315 916 1406 ἀληλιμμένον,
940 1314 993 1380 καὶ
1020 1315 1072 1381 τὸν
1091 1315 1144 1404 μὲν
1159 1314 1218 1379 -ἀν-

152 1429 254 1528 δρῶνα
278 1433 473 1516 ἀνεπίξεστον
492 1444 673 1506 καταλιπεῖν
694 1441 750 1504 οὐκ
772 1439 880 1531 ἀνέχῃ,
900 1439 953 1504 τὸν
972 1448 1040 1505 νοῦν
1060 1430 1095 1504 δὲ
1114 1437 1223 1503 ἀνεπί-

151 1553 257 1635 ξεστον
276 1563 442 1652 περιφέρειν
464 1564 595 1653 προῖγμα
619 1551 705 1625 οὐδὲν
728 1553 972 1651 ὑπολαμόάνεις,
994 1585 1024 1626 κ.
1045 1584 1079 1625 τ.
1096 1565 1133 1631 λ.
1154 1549 1216 1660 (ρ)
1243 1542 1245 1545 .

150 1668 291 1739 Nullum
304 1672 409 1765 igitur
426 1671 628 1764 philosopho
648 1694 756 1763 neque
775 1671 902 1763 majus,
919 1695 1028 1764 neque
1045 1671 1220 1764 praestabi·

151 1783 387 1872 liusosficium,
399 1787 502 1878 quim
514 1784 761 1881 philosophiam
773 1784 926 1854 inlucem
937 1784 1138 1878 producere,
1155 1798 1218 1878 po'-

151 1896 455 1993 pulumcogere,ut
470 1914 714 1993 praeceptorum
728 1898 894 1967 beneficio
908 1899 1009 1991 quinn
1022 1897 1160 1994 plurimi
1175 1900 1220 1967 ci·

151 2034 202 2087 tra
224 2020 446 2090 offensionem
463 2020 682 2091 defruantur:
702 2029 812 2092 Ταῦτα
824 2025 848 2091 εἰ
860 2028 913 2118 μὲν
928 2025 1011 2118 μόνῳ
1031 2028 1218 2117 ἐπιτιμῴης,

150 2142 300 2234 θπόψεται
317 2147 368 2213 καὶ
383 2148 619 2240 ἀπεχθανεῖται,
636 2149 687 2216 καὶ
697 2140 855 2241 λοιδορίαν
867 2156 967 2241 νομιεῖ
979 2153 1037 2224 τήν
1053 2146 1218 2236 νουθεσίαν,

151 2267 175 2332 εἰ
195 2260 230 2334 δὲ
244 2270 475 2362 ἀνατεινάμενος
490 2275 545 2344 τὴν
562 2279 665 2363 χεῖρα,
688 2271 738 2338 καὶ
753 2269 794 2338 τὰ
806 2270 886 2340 αὐτὰ
899 2282 1004 2354 ταῦτα
1017 2272 1218 2366 μεταρρυθμί-7

150 2418 204 2485 σας
222 2393 296 2481 πρὸς
312 2395 349 2460 τὸ
368 2395 482 2472 πλῆθος
501 2386 728 2497 δημηγοροίης,
756 2388 883 2477 δήξεται
906 2397 959 2486 μὲν
979 2386 1065 2462 οὐδὲν
1087 2395 1182 2470 ήττον
1202 2401 1218 2462 ὁ

150 2514 307 2608 ἀνθρωπος
325 2519 376 2585 καὶ
393 2522 551 2603 ὀνήσεται,
568 2521 602 2586 σὺ
621 2522 725 2611 μέντοι
744 2523 829 2613 γεού
851 2524 904 2588 τὸν
919 2511 1002 2587 δεῖνα
1021 2522 1074 2613 έση
1095 2515 1217 2612 μεμψά-

150 2638 265 2730 μενοςή
288 2643 342 2707 τὸν
363 2633 466 2726 δεῖνα,
485 2640 565 2709 ἀλλὰ
585 2645 623 2708 τὸ
639 2645 853 2735 πλημμέλημα
867 2636 1065 2720 νουθετήσας.

197 2751 374 2844 Denique,
392 2750 648 2821 'Platonicorum
673 2755 914 2822 sententiarum
938 2755 1118 2823 insectator
1145 2753 1220 2821 diti·
1256 2755 1257 2758 ’

150 2866 380 2958 gentissimus,
399 2869 502 2962 ipsam
520 2869 690 2937 civitatem
711 2869 861 2957 inducit,
878 2869 920 2937 de
936 2868 1216 2965 philosophorum

149 2979 282 3050 silentio
296 2980 477 3069 dolentem,
494 2981 582 3051 etad
596 2983 748 3052 facienda
767 2982 880 3077 palem
893 2985 1007 3076 verba,
1024 2986 1218 3054 memoratis

149 3104 216 3172 suis
240 3107 275 3172 in
300 3131 356 3174 eos
377 3106 518 3194 officiis,
542 3107 797 3176 cohortantem:
815 3107 896 3178 Εἶτα
918 3121 980 3178 τῶν
1007 3113 1062 3203 μὲν
1084 3137 1218 3205 σκιαμα-

148 3232 281 3321 χούντων
296 3232 345 3298 ε’πὶ
360 3241 416 3298 τοῦ
433 3235 571 3325 βήματος
585 3234 658 3325 ὑπὲρ
676 3233 818 3326 Κίμωνος
831 3232 849 3308 ἢ
863 3234 970 3304 Νικίου
988 3233 1007 3308 ἢ
1023 3228 1216 3321 Μιλτιάδου,

148 3354 199 3421 καὶ
219 3347 432 3448 μινυριζόντων
448 3360 476 3422 έν
499 3363 564 3434 τοῖς
583 3356 827 3450 προλόγοιςῆρος
841 3356 979 3435 έπαίνους
989 3356 1041 3424 καὶ
1052 3349 1216 3449 χελιδόνων

148 3476 199 3544 καὶ
213 3469 371 3562 ἀηδόνων,
391 3471 512 3571 σπουδῇ
527 3472 714 3572 αὐλιζόμενοι
728 3481 960 3575 ἀκροασόμεθα,
980 3482 1074 3576 λόγου
1091 3474 1139 3565 δὲ,
1150 3485 1215 3548 κε’ν-

148 3625 219 3692 τρον
241 3602 455 3695 ἐγκαταλιπεῖν
476 3594 644 3695 δυναμένου
668 3607 743 3697 πρὸς
764 3604 889 3695 ἀρετήν,
914 3597 1116 3673 οὐδεπώποτε
1141 3605 1217 3672 ἀπο-

147 3725 314 3816 λαόσομενς
335 3725 401 3792 ἀλλ’
419 3727 508 3819 άρίης
527 3728 666 3821 νέμεσθαι
684 3733 770 3820 ήμῶν
790 3732 846 3804 τήν
861 3725 1033 3821 ριληκοίαν,
1049 3729 1101 3797 καὶ
1120 3755 1215 3822 προς·

148 3851 223 3939 έχειν
251 3860 315 3928 τοῖς
347 3857 555 3924 κατακηλοῦσι
587 3852 690 3944 λόγοις
723 3851 774 3918 καὶ
804 3855 1018 3944 γοητεύουσιν,
1053 3859 1149 3944 ὥςπερ
1184 3853 1216 3919 αἱ

188 4061 227 4140 (ι)
249 4065 328 4121 Orat.
345 4064 448 4138 XXVI,
470 4085 497 4143 p.
515 4067 570 4122 320
584 4087 645 4143 sqq.
732 4105 736 4118 ·
