<?xml version="1.0" encoding="UTF-8"?>
<!DOCTYPE html PUBLIC "-//W3C//DTD XHTML 1.0 Transitional//EN"
    "http://www.w3.org/TR/xhtml1/DTD/xhtml1-transitional.dtd">
<html xmlns="http://www.w3.org/1999/xhtml" xml:lang="en" lang="en">
 <head>
  <title>
</title>
<meta http-equiv="Content-Type" content="text/html;charset=utf-8" />
  <meta name='ocr-system' content='tesseract 3.04.00' />
  <meta name='ocr-capabilities' content='ocr_page ocr_carea ocr_par ocr_line ocrx_word'/>
</head>
<body>
  <div class='ocr_page' id='page_1' title='image "./dethemistiosoph00baregoog_0056.png"; bbox 0 0 2752 4688; ppageno 0'>
   <div class='ocr_carea' id='block_1_1' title="bbox 563 356 735 416">
    <p class='ocr_par' dir='ltr' id='par_1_1' title="bbox 563 356 735 416">
     <span class='ocr_line' id='line_1_1' title="bbox 563 356 735 416; baseline -0.012 -16"><span class='ocrx_word' id='word_1_1' title='bbox 563 356 735 416; x_wconf 59' lang='lat'>...45-</span> 
     </span>
    </p>
   </div>
   <div class='ocr_carea' id='block_1_2' title="bbox 69 479 1186 2062">
    <p class='ocr_par' dir='ltr' id='par_1_2' title="bbox 69 479 1186 2062">
     <span class='ocr_line' id='line_1_2' title="bbox 113 479 1182 580; baseline 0.001 -24"><span class='ocrx_word' id='word_1_2' title='bbox 113 496 148 556; x_wconf 83' lang='lat' dir='ltr'><strong>e&#39;t</strong></span> <span class='ocrx_word' id='word_1_3' title='bbox 167 479 271 580; x_wconf 70' lang='lat' dir='ltr'><strong>louge</strong></span> <span class='ocrx_word' id='word_1_4' title='bbox 288 499 457 580; x_wconf 86' lang='lat' dir='ltr'><strong>patentem</strong></span> <span class='ocrx_word' id='word_1_5' title='bbox 475 509 631 578; x_wconf 85' lang='lat' dir='ltr'><strong>campum</strong></span> <span class='ocrx_word' id='word_1_6' title='bbox 646 486 804 579; x_wconf 79' lang='lat' dir='ltr'><strong>sophistae</strong></span> <span class='ocrx_word' id='word_1_7' title='bbox 820 487 1023 570; x_wconf 78' lang='lat' dir='ltr'><strong>habueruut.</strong></span> <span class='ocrx_word' id='word_1_8' title='bbox 1047 489 1133 559; x_wconf 87' lang='lat' dir='ltr'><strong>Nam</strong></span> <span class='ocrx_word' id='word_1_9' title='bbox 1147 490 1182 558; x_wconf 93' lang='lat' dir='ltr'><strong>in</strong></span> 
     </span>
     <span class='ocr_line' id='line_1_3' title="bbox 114 598 1183 696; baseline 0.002 -26"><span class='ocrx_word' id='word_1_10' title='bbox 114 625 360 696; x_wconf 81' lang='lat' dir='ltr'><strong>quamcumque</strong></span> <span class='ocrx_word' id='word_1_11' title='bbox 382 598 482 668; x_wconf 87' lang='lat' dir='ltr'><strong>delati</strong></span> <span class='ocrx_word' id='word_1_12' title='bbox 511 598 631 669; x_wconf 89' lang='lat' dir='ltr'><strong>urbem</strong></span> <span class='ocrx_word' id='word_1_13' title='bbox 656 598 809 686; x_wconf 87' lang='lat' dir='ltr'><strong>fuissent,</strong></span> <span class='ocrx_word' id='word_1_14' title='bbox 833 614 990 693; x_wconf 88' lang='lat' dir='ltr'><strong>poterant</strong></span> <span class='ocrx_word' id='word_1_15' title='bbox 1015 602 1183 672; x_wconf 86' lang='lat' dir='ltr'><strong>orationes</strong></span> 
     </span>
     <span class='ocr_line' id='line_1_4' title="bbox 114 708 1185 806; baseline 0.004 -26"><span class='ocrx_word' id='word_1_16' title='bbox 114 713 269 799; x_wconf 86' lang='lat' dir='ltr'><strong>recitare,</strong></span> <span class='ocrx_word' id='word_1_17' title='bbox 285 708 499 806; x_wconf 81' lang='lat' dir='ltr'><strong>juventutem</strong></span> <span class='ocrx_word' id='word_1_18' title='bbox 527 709 664 798; x_wconf 81' lang='lat' dir='ltr'>illicere,</span> <span class='ocrx_word' id='word_1_19' title='bbox 689 711 828 800; x_wconf 78' lang='lat' dir='ltr'><strong>docere3</strong></span> <span class='ocrx_word' id='word_1_20' title='bbox 852 712 894 781; x_wconf 89' lang='lat' dir='ltr'><strong>ad</strong></span> <span class='ocrx_word' id='word_1_21' title='bbox 917 713 1052 782; x_wconf 89' lang='lat' dir='ltr'><strong>dicendi</strong></span> <span class='ocrx_word' id='word_1_22' title='bbox 1080 730 1185 785; x_wconf 86' lang='lat' dir='ltr'><strong>certa-</strong></span> 
     </span>
     <span class='ocr_line' id='line_1_5' title="bbox 113 826 1182 924; baseline 0 -25"><span class='ocrx_word' id='word_1_23' title='bbox 113 831 216 918; x_wconf 89' lang='lat' dir='ltr'><strong>mina,</strong></span> <span class='ocrx_word' id='word_1_24' title='bbox 236 830 289 899; x_wconf 88' lang='lat' dir='ltr'><strong>dic</strong></span> <span class='ocrx_word' id='word_1_25' title='bbox 308 828 481 924; x_wconf 74' lang='lat' dir='ltr'><strong>prodictb,</strong></span> <span class='ocrx_word' id='word_1_26' title='bbox 496 826 659 922; x_wconf 91' lang='lat' dir='ltr'><strong>populum</strong></span> <span class='ocrx_word' id='word_1_27' title='bbox 675 829 830 898; x_wconf 88' lang='lat' dir='ltr'><strong>invitare.</strong></span> <span class='ocrx_word' id='word_1_28' title='bbox 851 828 890 897; x_wconf 94' lang='lat' dir='ltr'><strong>Id</strong></span> <span class='ocrx_word' id='word_1_29' title='bbox 907 826 988 898; x_wconf 85' lang='lat' dir='ltr'><strong>verd</strong></span> <span class='ocrx_word' id='word_1_30' title='bbox 1010 829 1111 900; x_wconf 90' lang='lat' dir='ltr'><strong>fiebat</strong></span> <span class='ocrx_word' id='word_1_31' title='bbox 1131 829 1182 901; x_wconf 89' lang='lat' dir='ltr'><strong>vel</strong></span> 
     </span>
     <span class='ocr_line' id='line_1_6' title="bbox 113 938 1185 1038; baseline 0.001 -26"><span class='ocrx_word' id='word_1_32' title='bbox 113 959 368 1038; x_wconf 79' lang='lat' dir='ltr'><strong>programmate</strong></span> <span class='ocrx_word' id='word_1_33' title='bbox 381 943 546 1037; x_wconf 88' lang='lat' dir='ltr'><strong>sparsisve</strong></span> <span class='ocrx_word' id='word_1_34' title='bbox 570 938 710 1027; x_wconf 81' lang='lat' dir='ltr'><strong>libellis,</strong></span> <span class='ocrx_word' id='word_1_35' title='bbox 728 940 779 1010; x_wconf 90' lang='lat' dir='ltr'><strong>vel</strong></span> <span class='ocrx_word' id='word_1_36' title='bbox 797 942 818 1009; x_wconf 93' lang='lat' dir='ltr'><strong>ii</strong></span> <span class='ocrx_word' id='word_1_37' title='bbox 842 943 904 1035; x_wconf 90' lang='lat' dir='ltr'><strong>ipsi</strong></span> <span class='ocrx_word' id='word_1_38' title='bbox 919 944 976 1036; x_wconf 93' lang='lat' dir='ltr'><strong>qui</strong></span> <span class='ocrx_word' id='word_1_39' title='bbox 995 959 1091 1012; x_wconf 89' lang='lat' dir='ltr'><strong>erant</strong></span> <span class='ocrx_word' id='word_1_40' title='bbox 1114 944 1185 1014; x_wconf 90' lang='lat' dir='ltr'><strong>dic·</strong></span> 
     </span>
     <span class='ocr_line' id='line_1_7' title="bbox 114 1055 1184 1144; baseline 0.002 -18"><span class='ocrx_word' id='word_1_41' title='bbox 114 1057 183 1126; x_wconf 90' lang='lat' dir='ltr'><strong>turi</strong></span> <span class='ocrx_word' id='word_1_42' title='bbox 197 1057 281 1126; x_wconf 80' lang='lat' dir='ltr'><strong>aedes</strong></span> <span class='ocrx_word' id='word_1_43' title='bbox 302 1057 543 1126; x_wconf 89' lang='lat' dir='ltr'><strong>circumeundo</strong></span> <span class='ocrx_word' id='word_1_44' title='bbox 568 1055 773 1125; x_wconf 84' lang='lat' dir='ltr'><strong>ambiebant.</strong></span> <span class='ocrx_word' id='word_1_45' title='bbox 793 1056 883 1124; x_wconf 90' lang='lat' dir='ltr'><strong>Hinc</strong></span> <span class='ocrx_word' id='word_1_46' title='bbox 901 1055 1025 1125; x_wconf 88' lang='lat' dir='ltr'><strong>factum</strong></span> <span class='ocrx_word' id='word_1_47' title='bbox 1049 1073 1119 1144; x_wconf 81' lang='lat' dir='ltr'><strong>est,</strong></span> <span class='ocrx_word' id='word_1_48' title='bbox 1146 1074 1184 1128; x_wconf 89' lang='lat' dir='ltr'><strong>ut</strong></span> 
     </span>
     <span class='ocr_line' id='line_1_8' title="bbox 113 1167 1184 1268; baseline 0.003 -29"><span class='ocrx_word' id='word_1_49' title='bbox 113 1170 254 1264; x_wconf 88' lang='lat' dir='ltr'><strong>quidam</strong></span> <span class='ocrx_word' id='word_1_50' title='bbox 272 1169 432 1264; x_wconf 75' lang='lat' dir='ltr'><strong>sophistae</strong></span> <span class='ocrx_word' id='word_1_51' title='bbox 453 1169 607 1264; x_wconf 90' lang='lat' dir='ltr'><strong>pluribus</strong></span> <span class='ocrx_word' id='word_1_52' title='bbox 621 1170 663 1237; x_wconf 91' lang='lat' dir='ltr'><strong>in.</strong></span> <span class='ocrx_word' id='word_1_53' title='bbox 675 1167 756 1240; x_wconf 86' lang='lat' dir='ltr'><strong>locis</strong></span> <span class='ocrx_word' id='word_1_54' title='bbox 771 1170 959 1258; x_wconf 80' lang='lat' dir='ltr'><strong>docuerint,</strong></span> <span class='ocrx_word' id='word_1_55' title='bbox 976 1170 1027 1241; x_wconf 85' lang='lat' dir='ltr'><strong>vel</strong></span> <span class='ocrx_word' id='word_1_56' title='bbox 1045 1175 1184 1268; x_wconf 70' lang='lat' dir='ltr'><strong>propria</strong></span> 
     </span>
     <span class='ocr_line' id='line_1_9' title="bbox 113 1283 1185 1380; baseline -0.003 -21"><span class='ocrx_word' id='word_1_57' title='bbox 113 1287 216 1359; x_wconf 77' lang='lat' dir='ltr'><strong>animi</strong></span> <span class='ocrx_word' id='word_1_58' title='bbox 231 1286 428 1357; x_wconf 89' lang='lat' dir='ltr'><strong>inductione</strong></span> <span class='ocrx_word' id='word_1_59' title='bbox 438 1283 594 1379; x_wconf 82' lang='lat' dir='ltr'><strong>impulsi,</strong></span> <span class='ocrx_word' id='word_1_60' title='bbox 610 1283 663 1352; x_wconf 87' lang='lat' dir='ltr'><strong>vel</strong></span> <span class='ocrx_word' id='word_1_61' title='bbox 679 1283 1008 1354; x_wconf 72' lang='lat' dir='ltr'><strong>acivibuse-vocati:</strong></span> <span class='ocrx_word' id='word_1_62' title='bbox 1027 1287 1063 1355; x_wconf 92' lang='lat' dir='ltr'><strong>in</strong></span> <span class='ocrx_word' id='word_1_63' title='bbox 1078 1311 1185 1380; x_wconf 89' lang='lat' dir='ltr'><strong>eoque</strong></span> 
     </span>
     <span class='ocr_line' id='line_1_10' title="bbox 114 1395 1186 1494; baseline 0.001 -26"><span class='ocrx_word' id='word_1_64' title='bbox 114 1400 309 1493; x_wconf 82' lang='lat' dir='ltr'><strong>spectabant</strong></span> <span class='ocrx_word' id='word_1_65' title='bbox 335 1401 429 1469; x_wconf 87' lang='lat' dir='ltr'><strong>urbis</strong></span> <span class='ocrx_word' id='word_1_66' title='bbox 446 1399 683 1494; x_wconf 81' lang='lat' dir='ltr'><strong>frequentiam,</strong></span> <span class='ocrx_word' id='word_1_67' title='bbox 710 1395 972 1468; x_wconf 89' lang='lat' dir='ltr'><strong>adolescentium</strong></span> <span class='ocrx_word' id='word_1_68' title='bbox 996 1398 1186 1469; x_wconf 90' lang='lat' dir='ltr'><strong>multitudi-</strong></span> 
     </span>
     <span class='ocr_line' id='line_1_11' title="bbox 69 1512 1185 1610; baseline 0.003 -27"><span class='ocrx_word' id='word_1_69' title='bbox 69 1554 70 1557; x_wconf 18' lang='grc' dir='ltr'>π</span> <span class='ocrx_word' id='word_1_70' title='bbox 115 1541 206 1601; x_wconf 87' lang='lat' dir='ltr'><strong>nem,</strong></span> <span class='ocrx_word' id='word_1_71' title='bbox 221 1539 314 1610; x_wconf 88' lang='lat' dir='ltr'><strong>spem</strong></span> <span class='ocrx_word' id='word_1_72' title='bbox 333 1513 417 1585; x_wconf 86' lang='lat' dir='ltr'><strong>lucri</strong></span> <span class='ocrx_word' id='word_1_73' title='bbox 444 1529 477 1585; x_wconf 87' lang='lat' dir='ltr'><strong>et</strong></span> <span class='ocrx_word' id='word_1_74' title='bbox 496 1513 764 1584; x_wconf 89' lang='lat' dir='ltr'><strong>commodorum.</strong></span> <span class='ocrx_word' id='word_1_75' title='bbox 787 1517 861 1583; x_wconf 82' lang='lat' dir='ltr'><strong>Prae</strong></span> <span class='ocrx_word' id='word_1_76' title='bbox 875 1516 995 1584; x_wconf 89' lang='lat' dir='ltr'><strong>ceteris</strong></span> <span class='ocrx_word' id='word_1_77' title='bbox 1016 1512 1096 1584; x_wconf 83' lang='lat' dir='ltr'><strong>verb</strong></span> <span class='ocrx_word' id='word_1_78' title='bbox 1119 1516 1185 1586; x_wconf 89' lang='lat' dir='ltr'><strong>hoc</strong></span> 
     </span>
     <span class='ocr_line' id='line_1_12' title="bbox 114 1626 998 1723; baseline -0.001 -25"><span class='ocrx_word' id='word_1_79' title='bbox 114 1629 259 1722; x_wconf 83' lang='lat' dir='ltr'><strong>agebant</strong></span> <span class='ocrx_word' id='word_1_80' title='bbox 274 1644 313 1701; x_wconf 87' lang='lat' dir='ltr'><strong>ut</strong></span> <span class='ocrx_word' id='word_1_81' title='bbox 330 1627 445 1723; x_wconf 82' lang='lat' dir='ltr'><strong>gloriae</strong></span> <span class='ocrx_word' id='word_1_82' title='bbox 461 1627 726 1697; x_wconf 88' lang='lat' dir='ltr'><strong>velificareutur.</strong></span> <span class='ocrx_word' id='word_1_83' title='bbox 788 1684 814 1691; x_wconf 92' lang='lat'><strong>..</strong></span> <span class='ocrx_word' id='word_1_84' title='bbox 875 1629 879 1688; x_wconf 81' lang='grc' dir='ltr'>ἶ</span> <span class='ocrx_word' id='word_1_85' title='bbox 918 1626 921 1631; x_wconf 48' lang='lat'><strong>⁴</strong></span> <span class='ocrx_word' id='word_1_86' title='bbox 996 1681 998 1684; x_wconf 86' lang='lat'>-</span> 
     </span>
     <span class='ocr_line' id='line_1_13' title="bbox 160 1742 1186 1841; baseline 0.004 -30"><span class='ocrx_word' id='word_1_87' title='bbox 160 1744 384 1838; x_wconf 85' lang='lat' dir='ltr'><strong>Imperatores</strong></span> <span class='ocrx_word' id='word_1_88' title='bbox 403 1743 545 1828; x_wconf 89' lang='lat' dir='ltr'><strong>romani,</strong></span> <span class='ocrx_word' id='word_1_89' title='bbox 563 1742 669 1835; x_wconf 78' lang='lat' dir='ltr'><strong>quum</strong></span> <span class='ocrx_word' id='word_1_90' title='bbox 692 1743 860 1811; x_wconf 91' lang='lat' dir='ltr'><strong>bonarum</strong></span> <span class='ocrx_word' id='word_1_91' title='bbox 872 1744 1007 1812; x_wconf 78' lang='lat' dir='ltr'><strong>artium</strong></span> <span class='ocrx_word' id='word_1_92' title='bbox 1022 1769 1186 1841; x_wconf 82' lang='lat' dir='ltr'><strong>propaga·</strong></span> 
     </span>
     <span class='ocr_line' id='line_1_14' title="bbox 114 1856 1185 1951; baseline 0.006 -27"><span class='ocrx_word' id='word_1_93' title='bbox 114 1859 241 1933; x_wconf 89' lang='lat' dir='ltr'><strong>tionem</strong></span> <span class='ocrx_word' id='word_1_94' title='bbox 257 1856 301 1927; x_wconf 90' lang='lat' dir='ltr'><strong>ad</strong></span> <span class='ocrx_word' id='word_1_95' title='bbox 317 1881 410 1930; x_wconf 83' lang='lat' dir='ltr'><strong>suam</strong></span> <span class='ocrx_word' id='word_1_96' title='bbox 432 1857 897 1951; x_wconf 77' lang='lat' dir='ltr'><strong>curammaieimlepertinere</strong></span> <span class='ocrx_word' id='word_1_97' title='bbox 920 1871 1088 1950; x_wconf 87' lang='lat' dir='ltr'><strong>putarent,</strong></span> <span class='ocrx_word' id='word_1_98' title='bbox 1115 1874 1185 1930; x_wconf 85' lang='lat' dir='ltr'><strong>non</strong></span> 
     </span>
     <span class='ocr_line' id='line_1_15' title="bbox 113 1965 1185 2062; baseline 0.003 -22"><span class='ocrx_word' id='word_1_99' title='bbox 113 1971 254 2040; x_wconf 80' lang='lat' dir='ltr'><strong>Athenis</strong></span> <span class='ocrx_word' id='word_1_100' title='bbox 274 1966 388 2056; x_wconf 74' lang='lat' dir='ltr'><strong>modi),</strong></span> <span class='ocrx_word' id='word_1_101' title='bbox 406 1984 441 2041; x_wconf 87' lang='lat' dir='ltr'><strong>et</strong></span> <span class='ocrx_word' id='word_1_102' title='bbox 462 1975 577 2041; x_wconf 82' lang='lat' dir='ltr'><strong>Romae</strong></span> <span class='ocrx_word' id='word_1_103' title='bbox 603 1987 638 2041; x_wconf 89' lang='lat' dir='ltr'><strong>et</strong></span> <span class='ocrx_word' id='word_1_104' title='bbox 666 1971 866 2062; x_wconf 71' lang='lat' dir='ltr'><strong>Antiochia,</strong></span> <span class='ocrx_word' id='word_1_105' title='bbox 885 1970 943 2041; x_wconf 89' lang='lat' dir='ltr'><strong>sed</strong></span> <span class='ocrx_word' id='word_1_106' title='bbox 967 1973 1126 2042; x_wconf 84' lang='lat' dir='ltr'><strong>omnibus</strong></span> <span class='ocrx_word' id='word_1_107' title='bbox 1150 1965 1185 2044; x_wconf 85' lang='lat' dir='ltr'><strong>in</strong></span> 
     </span>
    </p>
   </div>
   <div class='ocr_carea' id='block_1_3' title="bbox 113 2094 1187 2308">
    <p class='ocr_par' dir='ltr' id='par_1_3' title="bbox 113 2094 1187 2308">
     <span class='ocr_line' id='line_1_16' title="bbox 113 2094 1187 2192; baseline 0.007 -30"><span class='ocrx_word' id='word_1_108' title='bbox 113 2094 255 2163; x_wconf 88' lang='lat' dir='ltr'><strong>urbibus</strong></span> <span class='ocrx_word' id='word_1_109' title='bbox 282 2099 358 2189; x_wconf 85' lang='lat' dir='ltr'><strong>qu&#39;ae</strong></span> <span class='ocrx_word' id='word_1_110' title='bbox 385 2098 590 2191; x_wconf 71' lang='lat' dir='ltr'><strong>pncpondterc</strong></span> <span class='ocrx_word' id='word_1_111' title='bbox 614 2110 910 2189; x_wconf 87' lang='lat' dir='ltr'><strong>nuncuparentur,</strong></span> <span class='ocrx_word' id='word_1_112' title='bbox 936 2112 1091 2192; x_wconf 83' lang='lat' dir='ltr'><strong>suggesta</strong></span> <span class='ocrx_word' id='word_1_113' title='bbox 1116 2123 1187 2169; x_wconf 87' lang='lat' dir='ltr'><strong>esse</strong></span> 
     </span>
     <span class='ocr_line' id='line_1_17' title="bbox 113 2206 1186 2308; baseline 0.006 -32"><span class='ocrx_word' id='word_1_114' title='bbox 113 2209 262 2277; x_wconf 86' lang='lat' dir='ltr'><strong>oratoria</strong></span> <span class='ocrx_word' id='word_1_115' title='bbox 281 2206 474 2294; x_wconf 84' lang='lat' dir='ltr'><strong>voluerunt,</strong></span> <span class='ocrx_word' id='word_1_116' title='bbox 493 2224 527 2278; x_wconf 88' lang='lat' dir='ltr'><strong>et</strong></span> <span class='ocrx_word' id='word_1_117' title='bbox 544 2212 639 2303; x_wconf 88' lang='lat' dir='ltr'><strong>quasi</strong></span> <span class='ocrx_word' id='word_1_118' title='bbox 664 2211 815 2280; x_wconf 85' lang='lat' dir='ltr'><strong>officinas</strong></span> <span class='ocrx_word' id='word_1_119' title='bbox 835 2210 1048 2306; x_wconf 83' lang='lat' dir='ltr'><strong>eloquentiae,</strong></span> <span class='ocrx_word' id='word_1_120' title='bbox 1063 2213 1186 2308; x_wconf 91' lang='lat' dir='ltr'><strong>quibus</strong></span> 
     </span>
    </p>
   </div>
   <div class='ocr_carea' id='block_1_4' title="bbox 113 2323 1289 3792">
    <p class='ocr_par' dir='ltr' id='par_1_4' title="bbox 113 2323 1289 2765">
     <span class='ocr_line' id='line_1_18' title="bbox 114 2323 1183 2417; baseline 0.005 -26"><span class='ocrx_word' id='word_1_121' title='bbox 114 2323 174 2415; x_wconf 93' lang='lat' dir='ltr'><strong>qui</strong></span> <span class='ocrx_word' id='word_1_122' title='bbox 194 2338 385 2417; x_wconf 85' lang='lat' dir='ltr'><strong>praeessent,</strong></span> <span class='ocrx_word' id='word_1_123' title='bbox 399 2324 507 2411; x_wconf 89' lang='lat' dir='ltr'><strong>donis,</strong></span> <span class='ocrx_word' id='word_1_124' title='bbox 526 2324 667 2413; x_wconf 86' lang='lat' dir='ltr'><strong>salariis,</strong></span> <span class='ocrx_word' id='word_1_125' title='bbox 682 2326 953 2396; x_wconf 86' lang='lat' dir='ltr'><strong>immunitatibus</strong></span> <span class='ocrx_word' id='word_1_126' title='bbox 967 2328 1183 2398; x_wconf 81' lang='lat' dir='ltr'><strong>ornarentur.</strong></span> 
     </span>
     <span class='ocr_line' id='line_1_19' title="bbox 113 2438 1187 2535; baseline 0.006 -29"><span class='ocrx_word' id='word_1_127' title='bbox 113 2438 220 2530; x_wconf 91' lang='lat' dir='ltr'><strong>Cujus</strong></span> <span class='ocrx_word' id='word_1_128' title='bbox 238 2439 389 2532; x_wconf 85' lang='lat' dir='ltr'><strong>origines</strong></span> <span class='ocrx_word' id='word_1_129' title='bbox 409 2440 554 2509; x_wconf 89' lang='lat' dir='ltr'><strong>instituti</strong></span> <span class='ocrx_word' id='word_1_130' title='bbox 574 2441 744 2535; x_wconf 86' lang='lat' dir='ltr'><strong>pertinere</strong></span> <span class='ocrx_word' id='word_1_131' title='bbox 758 2440 919 2510; x_wconf 71' lang='lat' dir='ltr'><strong>ridentur</strong></span> <span class='ocrx_word' id='word_1_132' title='bbox 937 2441 979 2509; x_wconf 89' lang='lat' dir='ltr'><strong>ad</strong></span> <span class='ocrx_word' id='word_1_133' title='bbox 996 2443 1187 2512; x_wconf 82' lang='lat' dir='ltr'><strong>Antonino·</strong></span> 
     </span>
     <span class='ocr_line' id='line_1_20' title="bbox 115 2540 1289 2650; baseline 0.006 -30"><span class='ocrx_word' id='word_1_134' title='bbox 115 2577 192 2621; x_wconf 92' lang='lat' dir='ltr'><strong>rum</strong></span> <span class='ocrx_word' id='word_1_135' title='bbox 214 2566 376 2647; x_wconf 84' lang='lat' dir='ltr'><strong>tempora,</strong></span> <span class='ocrx_word' id='word_1_136' title='bbox 397 2555 521 2648; x_wconf 90' lang='lat' dir='ltr'><strong>quibus</strong></span> <span class='ocrx_word' id='word_1_137' title='bbox 542 2568 698 2650; x_wconf 78' lang='lat' dir='ltr'><strong>magnum</strong></span> <span class='ocrx_word' id='word_1_138' title='bbox 724 2540 952 2649; x_wconf 83' lang='lat' dir='ltr'><strong>sophistarum</strong></span> <span class='ocrx_word' id='word_1_139' title='bbox 965 2555 1188 2626; x_wconf 55' lang='lat' dir='ltr'><strong>celebratississ</strong></span> <span class='ocrx_word' id='word_1_140' title='bbox 1286 2583 1289 2587; x_wconf 69' lang='grc'><em>’</em></span> 
     </span>
     <span class='ocr_line' id='line_1_21' title="bbox 113 2667 849 2765; baseline 0.004 -31"><span class='ocrx_word' id='word_1_141' title='bbox 113 2689 246 2735; x_wconf 89' lang='lat' dir='ltr'><strong>morum</strong></span> <span class='ocrx_word' id='word_1_142' title='bbox 259 2668 392 2761; x_wconf 85' lang='lat' dir='ltr'><strong>copiam</strong></span> <span class='ocrx_word' id='word_1_143' title='bbox 411 2667 577 2736; x_wconf 85' lang='lat' dir='ltr'><strong>exstitisse</strong></span> <span class='ocrx_word' id='word_1_144' title='bbox 593 2681 735 2736; x_wconf 88' lang='lat' dir='ltr'><strong>constat.</strong></span> <span class='ocrx_word' id='word_1_145' title='bbox 846 2761 849 2765; x_wconf 19' lang='grc' dir='ltr'>Ι</span> 
     </span>
    </p>

    <p class='ocr_par' dir='ltr' id='par_1_5' title="bbox 114 2778 1191 3680">
     <span class='ocr_line' id='line_1_22' title="bbox 144 2778 1189 2875; baseline 0.005 -28"><span class='ocrx_word' id='word_1_146' title='bbox 144 2820 146 2824; x_wconf 26' lang='grc' dir='ltr'><strong><em>ι</em></strong></span> <span class='ocrx_word' id='word_1_147' title='bbox 163 2782 214 2849; x_wconf 84' lang='lat' dir='ltr'><strong>Ex</strong></span> <span class='ocrx_word' id='word_1_148' title='bbox 232 2778 289 2848; x_wconf 78' lang='lat' dir='ltr'><strong>itta</strong></span> <span class='ocrx_word' id='word_1_149' title='bbox 308 2780 445 2875; x_wconf 68' lang='lat' dir='ltr'><strong>publicu</strong></span> <span class='ocrx_word' id='word_1_150' title='bbox 456 2779 701 2864; x_wconf 65' lang='lat' dir='ltr'><strong>munificentia,</strong></span> <span class='ocrx_word' id='word_1_151' title='bbox 714 2782 844 2849; x_wconf 89' lang='lat' dir='ltr'><strong>romani</strong></span> <span class='ocrx_word' id='word_1_152' title='bbox 862 2783 1083 2874; x_wconf 89' lang='lat' dir='ltr'><strong>imperatores</strong></span> <span class='ocrx_word' id='word_1_153' title='bbox 1095 2783 1189 2853; x_wconf 89' lang='lat' dir='ltr'><strong>thro·</strong></span> 
     </span>
     <span class='ocr_line' id='line_1_23' title="bbox 115 2895 1187 2992; baseline 0.007 -31"><span class='ocrx_word' id='word_1_154' title='bbox 115 2917 239 2963; x_wconf 91' lang='lat' dir='ltr'><strong>norum</strong></span> <span class='ocrx_word' id='word_1_155' title='bbox 264 2895 525 2989; x_wconf 87' lang='lat' dir='ltr'><strong>sophisticorum</strong></span> <span class='ocrx_word' id='word_1_156' title='bbox 558 2896 790 2990; x_wconf 84' lang='lat' dir='ltr'><strong>praefecturam</strong></span> <span class='ocrx_word' id='word_1_157' title='bbox 817 2896 1001 2985; x_wconf 87' lang='lat' dir='ltr'><strong>donabant,</strong></span> <span class='ocrx_word' id='word_1_158' title='bbox 1029 2913 1187 2992; x_wconf 78' lang='lat' dir='ltr'><strong>atquem</strong></span> 
     </span>
     <span class='ocr_line' id='line_1_24' title="bbox 114 3008 1189 3115; baseline 0.007 -38"><span class='ocrx_word' id='word_1_159' title='bbox 114 3008 239 3080; x_wconf 86' lang='lat' dir='ltr'><strong>vellent</strong></span> <span class='ocrx_word' id='word_1_160' title='bbox 253 3011 501 3082; x_wconf 86' lang='lat' dir='ltr'><strong>moderatorem</strong></span> <span class='ocrx_word' id='word_1_161' title='bbox 521 3012 645 3101; x_wconf 76' lang='lat' dir='ltr'><strong>scholae</strong></span> <span class='ocrx_word' id='word_1_162' title='bbox 659 3012 900 3111; x_wconf 82' lang='lat' dir='ltr'><strong>praeficiebant.</strong></span> <span class='ocrx_word' id='word_1_163' title='bbox 928 3015 1004 3115; x_wconf 80' lang='lat' dir='ltr'><strong>Set</strong></span> <span class='ocrx_word' id='word_1_164' title='bbox 1021 3040 1089 3085; x_wconf 92' lang='lat' dir='ltr'><strong>non</strong></span> <span class='ocrx_word' id='word_1_165' title='bbox 1114 3017 1189 3087; x_wconf 89' lang='lat' dir='ltr'><strong>ubi·</strong></span> 
     </span>
     <span class='ocr_line' id='line_1_25' title="bbox 115 3125 1190 3224; baseline 0.007 -32"><span class='ocrx_word' id='word_1_166' title='bbox 115 3148 181 3218; x_wconf 89' lang='lat' dir='ltr'><strong>que</strong></span> <span class='ocrx_word' id='word_1_167' title='bbox 204 3150 267 3195; x_wconf 90' lang='lat' dir='ltr'><strong>nec</strong></span> <span class='ocrx_word' id='word_1_168' title='bbox 285 3125 343 3194; x_wconf 81' lang='lat' dir='ltr'><strong>diii</strong></span> <span class='ocrx_word' id='word_1_169' title='bbox 358 3126 429 3196; x_wconf 91' lang='lat' dir='ltr'><strong>haec</strong></span> <span class='ocrx_word' id='word_1_170' title='bbox 444 3128 529 3196; x_wconf 90' lang='lat' dir='ltr'><strong>ratio</strong></span> <span class='ocrx_word' id='word_1_171' title='bbox 551 3129 673 3216; x_wconf 88' lang='lat' dir='ltr'><strong>tenuit,</strong></span> <span class='ocrx_word' id='word_1_172' title='bbox 702 3128 803 3222; x_wconf 90' lang='lat' dir='ltr'><strong>idque</strong></span> <span class='ocrx_word' id='word_1_173' title='bbox 824 3153 948 3197; x_wconf 90' lang='lat' dir='ltr'><strong>munus</strong></span> <span class='ocrx_word' id='word_1_174' title='bbox 975 3127 1121 3224; x_wconf 85' lang='lat' dir='ltr'><strong>eligendi</strong></span> <span class='ocrx_word' id='word_1_175' title='bbox 1145 3132 1190 3200; x_wconf 89' lang='lat' dir='ltr'><strong>ah</strong></span> 
     </span>
     <span class='ocr_line' id='line_1_26' title="bbox 114 3239 1188 3338; baseline 0.006 -32"><span class='ocrx_word' id='word_1_176' title='bbox 114 3239 373 3333; x_wconf 89' lang='lat' dir='ltr'><strong>imperatoribus</strong></span> <span class='ocrx_word' id='word_1_177' title='bbox 392 3241 581 3310; x_wconf 86' lang='lat' dir='ltr'><strong>derivatum</strong></span> <span class='ocrx_word' id='word_1_178' title='bbox 597 3255 650 3312; x_wconf 87' lang='lat' dir='ltr'><strong>est</strong></span> <span class='ocrx_word' id='word_1_179' title='bbox 663 3244 697 3310; x_wconf 90' lang='lat' dir='ltr'><strong>in</strong></span> <span class='ocrx_word' id='word_1_180' title='bbox 710 3243 892 3336; x_wconf 88' lang='lat' dir='ltr'><strong>optimates</strong></span> <span class='ocrx_word' id='word_1_181' title='bbox 910 3257 952 3318; x_wconf 64' lang='lat' dir='ltr'><strong>et,⁴</strong></span> <span class='ocrx_word' id='word_1_182' title='bbox 963 3243 1050 3312; x_wconf 89' lang='lat' dir='ltr'><strong>viros</strong></span> <span class='ocrx_word' id='word_1_183' title='bbox 1065 3245 1188 3338; x_wconf 87' lang='lat' dir='ltr'><strong>princi-</strong></span> 
     </span>
     <span class='ocr_line' id='line_1_27' title="bbox 115 3354 1191 3452; baseline 0.005 -30"><span class='ocrx_word' id='word_1_184' title='bbox 115 3377 174 3445; x_wconf 88' lang='lat' dir='ltr'><strong>pes</strong></span> <span class='ocrx_word' id='word_1_185' title='bbox 192 3354 353 3446; x_wconf 85' lang='lat' dir='ltr'><strong>civitatis,&#39;</strong></span> <span class='ocrx_word' id='word_1_186' title='bbox 366 3356 432 3449; x_wconf 86' lang='lat' dir='ltr'><strong>qui</strong></span> <span class='ocrx_word' id='word_1_187' title='bbox 451 3356 621 3425; x_wconf 90' lang='lat' dir='ltr'><strong>communi</strong></span> <span class='ocrx_word' id='word_1_188' title='bbox 641 3355 804 3452; x_wconf 80' lang='lat' dir='ltr'><strong>suffragio</strong></span> <span class='ocrx_word' id='word_1_189' title='bbox 828 3358 987 3451; x_wconf 90' lang='lat' dir='ltr'><strong>probatos</strong></span> <span class='ocrx_word' id='word_1_190' title='bbox 1013 3358 1191 3426; x_wconf 86' lang='lat' dir='ltr'><strong>renuntia-</strong></span> 
     </span>
     <span class='ocr_line' id='line_1_28' title="bbox 114 3466 1188 3564; baseline 0.005 -28"><span class='ocrx_word' id='word_1_191' title='bbox 114 3466 198 3536; x_wconf 86' lang='lat' dir='ltr'><strong>bant</strong></span> <span class='ocrx_word' id='word_1_192' title='bbox 221 3469 287 3562; x_wconf 84' lang='lat'><em>(1).</em></span> <span class='ocrx_word' id='word_1_193' title='bbox 316 3469 500 3538; x_wconf 84' lang='lat' dir='ltr'><strong>Decretum</strong></span> <span class='ocrx_word' id='word_1_194' title='bbox 529 3483 642 3538; x_wconf 90' lang='lat' dir='ltr'><strong>autem</strong></span> <span class='ocrx_word' id='word_1_195' title='bbox 674 3467 851 3539; x_wconf 89' lang='lat' dir='ltr'><strong>curialium</strong></span> <span class='ocrx_word' id='word_1_196' title='bbox 875 3469 918 3539; x_wconf 88' lang='lat' dir='ltr'><strong>ad</strong></span> <span class='ocrx_word' id='word_1_197' title='bbox 941 3471 1188 3564; x_wconf 87' lang='lat' dir='ltr'><strong>imperatorem,</strong></span> 
     </span>
     <span class='ocr_line' id='line_1_29' title="bbox 116 3581 1191 3680; baseline 0.007 -32"><span class='ocrx_word' id='word_1_198' title='bbox 116 3581 303 3652; x_wconf 91' lang='lat' dir='ltr'><strong>minoribus</strong></span> <span class='ocrx_word' id='word_1_199' title='bbox 327 3583 361 3651; x_wconf 93' lang='lat' dir='ltr'><strong>in</strong></span> <span class='ocrx_word' id='word_1_200' title='bbox 394 3583 588 3653; x_wconf 86' lang='lat' dir='ltr'><strong>civitatibus</strong></span> <span class='ocrx_word' id='word_1_201' title='bbox 621 3584 665 3654; x_wconf 86' lang='lat' dir='ltr'><strong>ad</strong></span> <span class='ocrx_word' id='word_1_202' title='bbox 693 3584 875 3679; x_wconf 88' lang='lat' dir='ltr'><strong>provinciae</strong></span> <span class='ocrx_word' id='word_1_203' title='bbox 906 3585 1103 3680; x_wconf 79' lang='lat' dir='ltr'><strong>praesidem,</strong></span> <span class='ocrx_word' id='word_1_204' title='bbox 1130 3602 1191 3657; x_wconf 89' lang='lat' dir='ltr'><strong>aut</strong></span> 
     </span>
    </p>

    <p class='ocr_par' dir='ltr' id='par_1_6' title="bbox 115 3695 1190 3792">
     <span class='ocr_line' id='line_1_30' title="bbox 115 3695 1190 3792; baseline 0.005 -28"><span class='ocrx_word' id='word_1_205' title='bbox 115 3695 157 3766; x_wconf 89' lang='lat' dir='ltr'><strong>ad</strong></span> <span class='ocrx_word' id='word_1_206' title='bbox 186 3696 320 3766; x_wconf 89' lang='lat' dir='ltr'><strong>dioecesi</strong></span> <span class='ocrx_word' id='word_1_207' title='bbox 342 3699 557 3792; x_wconf 85' lang='lat' dir='ltr'><strong>praefectum,</strong></span> <span class='ocrx_word' id='word_1_208' title='bbox 577 3699 789 3769; x_wconf 88' lang='lat' dir='ltr'><strong>tractandum</strong></span> <span class='ocrx_word' id='word_1_209' title='bbox 818 3698 1054 3769; x_wconf 83' lang='lat' dir='ltr'><strong>referebatur:</strong></span> <span class='ocrx_word' id='word_1_210' title='bbox 1080 3701 1126 3770; x_wconf 74' lang='lat' dir='ltr'><strong>itt</strong></span> <span class='ocrx_word' id='word_1_211' title='bbox 1152 3715 1190 3769; x_wconf 93' lang='lat' dir='ltr'><strong>ut</strong></span> 
     </span>
    </p>
   </div>
   <div class='ocr_carea' id='block_1_5' title="bbox 112 3971 1188 4146">
    <p class='ocr_par' dir='ltr' id='par_1_7' title="bbox 112 3971 1188 4146">
     <span class='ocr_line' id='line_1_31' title="bbox 157 3971 1188 4053; baseline 0.005 -27"><span class='ocrx_word' id='word_1_212' title='bbox 157 3971 194 4047; x_wconf 84' lang='grc' dir='ltr'><strong>(ι)</strong></span> <span class='ocrx_word' id='word_1_213' title='bbox 219 3972 378 4049; x_wconf 86' lang='lat' dir='ltr'><strong>Wyttemb.</strong></span> <span class='ocrx_word' id='word_1_214' title='bbox 396 3975 426 4031; x_wconf 91' lang='lat' dir='ltr'><strong>in</strong></span> <span class='ocrx_word' id='word_1_215' title='bbox 449 3975 561 4052; x_wconf 87' lang='lat' dir='ltr'><strong>Eunap.</strong></span> <span class='ocrx_word' id='word_1_216' title='bbox 578 3973 787 4053; x_wconf 83' lang='lat' dir='ltr'><strong>Proaeresium‚</strong></span> <span class='ocrx_word' id='word_1_217' title='bbox 809 3995 839 4051; x_wconf 90' lang='lat' dir='ltr'><strong>p.</strong></span> <span class='ocrx_word' id='word_1_218' title='bbox 857 3978 924 4053; x_wconf 78' lang='lat'><strong>289.</strong></span> <span class='ocrx_word' id='word_1_219' title='bbox 939 4007 980 4022; x_wconf 92' lang='lat'>-</span> <span class='ocrx_word' id='word_1_220' title='bbox 998 3975 1041 4034; x_wconf 78' lang='lat' dir='ltr'><strong>Cf.</strong></span> <span class='ocrx_word' id='word_1_221' title='bbox 1054 3973 1188 4034; x_wconf 83' lang='lat' dir='ltr'><strong>Gothofr.</strong></span> 
     </span>
     <span class='ocr_line' id='line_1_32' title="bbox 112 4066 826 4146; baseline 0.007 -21"><span class='ocrx_word' id='word_1_222' title='bbox 112 4066 152 4125; x_wconf 83' lang='lat' dir='ltr'><strong>ad</strong></span> <span class='ocrx_word' id='word_1_223' title='bbox 165 4067 238 4126; x_wconf 86' lang='lat' dir='ltr'><strong>Cod.</strong></span> <span class='ocrx_word' id='word_1_224' title='bbox 253 4069 375 4142; x_wconf 81' lang='lat' dir='ltr'><strong>Theod,</strong></span> <span class='ocrx_word' id='word_1_225' title='bbox 389 4069 439 4129; x_wconf 90' lang='lat' dir='ltr'><strong>lib.</strong></span> <span class='ocrx_word' id='word_1_226' title='bbox 459 4070 538 4142; x_wconf 85' lang='lat' dir='ltr'><strong>Xlll‚</strong></span> <span class='ocrx_word' id='word_1_227' title='bbox 555 4071 597 4128; x_wconf 90' lang='lat' dir='ltr'><strong>tit.</strong></span> <span class='ocrx_word' id='word_1_228' title='bbox 609 4091 659 4142; x_wconf 82' lang='lat' dir='ltr'><strong>nr,</strong></span> <span class='ocrx_word' id='word_1_229' title='bbox 675 4089 703 4146; x_wconf 87' lang='lat' dir='ltr'><strong>p.</strong></span> <span class='ocrx_word' id='word_1_230' title='bbox 721 4071 826 4143; x_wconf 72' lang='lat'><strong>37-47.</strong></span> 
     </span>
    </p>
   </div>
   <div class='ocr_carea' id='block_1_6' title="bbox 0 0 1386 4688">
    <p class='ocr_par' dir='ltr' id='par_1_8' title="bbox 0 0 1386 4688">
     <span class='ocr_line' id='line_1_33' title="bbox 0 0 1386 4688; baseline 0 0"><span class='ocrx_word' id='word_1_231' title='bbox 0 0 1386 4688; x_wconf 95' lang='lat' dir='ltr'><strong> </strong></span> 
     </span>
    </p>
   </div>
  </div>
 </body>
</html>
