2752 4688
252 245 261 279 ‘
628 257 805 321 -26-

181 405 324 475 ctusam,
344 388 452 483 quiam
471 402 583 457 tamen
596 400 629 454 et
643 385 723 457 alias
739 386 951 473 nominandi,
971 386 1000 455 si
1021 410 1077 457 eas
1090 388 1259 483 gessisset,
1366 432 1368 436 ·

181 501 328 598 piurima
358 517 442 572 esset
462 501 607 572 occasio.
636 497 745 571 Immo
763 503 798 570 in
820 502 973 571 oratioue
996 501 1098 572 xvh
1117 503 1260 573 ineunte

181 616 319 713 pronsiis
349 641 472 709 negare
510 615 653 702 videtur,
690 641 725 685 se
754 631 832 686 ante
865 615 1044 686 Theodosii
1077 618 1259 713 imperium

182 740 284 809 fuisse
304 739 497 834 praefectum
517 765 525 808 :
550 728 756 837 Επανήγαγεν
771 739 854 821 αὖθις
873 733 927 808 διὰ
941 751 1060 834 ριοικροῦ
1080 743 1191 836 χρόνον
1208 771 1259 838 ρι·

180 866 328 960 λοσορίαν
358 872 374 936 ὀ
406 857 638 946 θεοειδίστατος
668 863 872 960 αὐτοκράτωρ
896 865 939 945 νίς
971 868 1028 940 τὴν
1058 876 1120 934 τῶν
1146 879 1259 936 κοινῶν

183 993 374 1083 ἐπιμέλειαν,
393 982 593 1084 ἐνδηλότερον
613 1001 674 1058 τῶν
699 990 827 1086 ἔναγχος
848 986 1139 1076 ’βιὸοισιλοιιιιότιοψ
1157 993 1188 1059 οἱ
1202 994 1259 1084 μὲν
1368 1024 1370 1030 ·

180 1112 240 1208 γὰρ
254 1111 367 1204 ἐτίμων
388 1114 479 1205 μόνον
500 1114 554 1181 tet
565 1118 631 1192 τοῖς
651 1112 775 1207 λόγοις,
791 1112 833 1190 εἰς
852 1103 888 1178 δὲ
906 1109 949 1179 τὰ
966 1113 1044 1207 ἔργα
1060 1115 1261 1206 προελόμενοι

181 1239 331 1316 πολλάκις
353 1239 510 1305 κατελθεῖν
524 1240 579 1304 οὐκ
593 1227 816 1319 ἐδυσώπησαν,
836 1235 903 1303 ἀλλ’
917 1234 989 1330 ἄχρι
1007 1245 1069 1304 τῶν
1087 1233 1259 1332 sepissima

181 1365 256 1438 τίως
275 1363 470 1428 ίπολιτιύιτο
491 1357 543 1427 καὶ
568 1362 751 1454 ἐλειτούργει
768 1371 810 1453 τῇ
835 1369 920 1453 κοινῇ
938 1352 1079 1454 πατρίδι.
1110 1363 1260 1440 Βασιλεὺς

183 1476 219 1551 δὲ
244 1483 309 1550 καὶ
328 1488 396 1560 τήν
420 1484 538 1577 ἀρχὴν
558 1488 639 1577 αὐτῇ
660 1481 833 1576 περιτίθησι
861 1482 913 1550 καὶ
937 1488 1097 1578 neptas-mai
1121 1483 1260 1578 γίνεσθαι

183 1609 355 1703 αὐτουργὸν
376 1605 452 1702 ὑπὲρ
471 1607 512 1676 ὧν
528 1613 603 1687 τέως
619 1603 730 1691 ἄλλους
746 1601 845 1694 ἠξίου,
865 1633 895 1676 κ,
919 1633 951 1674 τ.
968 1598 1001 1674 t'.
1022 1605 1102 1694 Quo
1118 1629 1158 1674 ex
1182 1605 1260 1676 loco

179 1722 256 1815 jure
267 1719 352 1791 *olim
372 1720 539 1791 conclusit
551 1718 791 1790 Tilismontius
804 1720 1026 1790 Themistium
1044 1721 1177 1790 nonnisi
1193 1722 1260 1791 suh

183 1835 376 1904 Theodosio
394 1834 592 1930 praefectura
610 1833 766 1904 functum
778 1859 860 1904 esse.
1171 1844 1173 1848 ’
1262 1835 1265 1841 ’

231 1950 334 2041 Quod
357 1953 479 2022 attinet
496 1951 538 2020 ad
562 1951 704 2020 Himerii
733 1951 856 2038 verba,
884 1948 996 2018 minias
1018 1948 1074 2018 itta
1097 1950 1259 2021 distincta

183 2087 218 2141 et
232 2085 350 2166 aperta
365 2086 457 2158 sunt,
478 2071 581 2165 quam
604 2085 644 2140 ut
666 2071 708 2140 ad
729 2069 950 2141 Themistium
966 2069 1078 2163 potita
1097 2071 1199 2163 quiam
1215 2072 1261 2140 ad

183 2184 384 2273 Modestum,
410 2198 470 2256 aut
491 2183 596 2255 alium
612 2185 766 2280 quemvis
790 2187 901 2254 virum
920 2185 1151 2278 conspicuum,
1169 2186 1261 2279 opti-

185 2302 314 2394 misque
335 2327 353 2369 a
374 2325 479 2395 puero
497 2299 618 2371 litteris
643 2298 828 2385 eruditum,
852 2314 887 2369 et
911 2302 1042 2369 summai
1067 2297 1261 2394 eloquentia

184 2415 378 2512 praeditum,
403 2413 579 2486 reserenda
591 2422 661 2484 esse
679 2438 825 2484 censeas.
842 2415 917 2485 Jtm
941 2409 1020 2483 vend
1041 2413 1082 2482 de
1100 2414 1260 2505 libanio,

188 2530 388 2619 Antiochiae,
405 2530 448 2600 ab
470 2530 602 2625 imperii
629 2529 719 2616 sede,
741 2527 858 2624 procul
878 2529 1041 2624 degente,
1062 2527 1260 2599 doctissimo

183 2646 277 2717 Maio
298 2644 436 2740 premiis
462 2647 638 2716 assentior.
664 2646 795 2731 «Visis,
818 2645 941 2738 inquit,
972 2642 1113 2715 fortasse
1135 2643 1261 2736 litteris

185 2758 355 2854 aliquibus
372 2758 497 2832 tuliani
518 2784 594 2856 quae
614 2759 800 2832 Themistio
817 2783 892 2830 eam
914 2758 1111 2854 dignitatem
1132 2759 1258 2830 offere·

185 2874 281 2962 bant,
299 2899 369 2942 rem
395 2873 605 2968 designatam
621 2898 684 2969 pm
701 2871 823 2943 collatd
840 2872 971 2942 hahuit.
987 2903 1004 2938 a
1023 2873 1129 2966 Cujus
1152 2889 1261 2944 acutae

185 2988 389 3081 conjecturae
410 2988 581 3057 consentit
608 2985 740 3073 Suidas,
768 2987 803 3055 in
831 2986 978 3075 Lexico,
999 2988 1089 3058 necte
1107 3003 1260 3059 vertente

186 3111 333 3187 Batonio
349 3114 385 3181 τὸ
405 3108 564 3208 spatiata
588 3109 793 3210 designatus
807 3128 872 3182 est.

235 3226 315 3318 Sed,
337 3225 447 3297 allatis
471 3225 599 3296 dissidii
624 3227 744 3310 causis,
771 3225 939 3320 reliquum
967 3226 1077 3320 operis
1103 3241 1260 3321 pertexa-

187 3366 275 3415 mus.

681 3465 833 3591 ss

236 3726 403 3793 Mortuo]
407 3724 704 3819 ulian0‚pnovect0
715 3725 758 3794 ad
773 3723 903 3819 imperii
915 3723 1087 3817 fastigium
1099 3723 1259 3811 Joviano,

188 3862 307 3934 inagna
319 3840 431 3908 statim
448 3863 559 3908 rerum
576 3841 767 3908 immutatio
788 3852 901 3907 secuta
918 3852 980 3907 est.
995 3841 1152 3907 Summus
1169 3840 1262 3933 apud

188 3954 341 4029 rhetores
353 3969 386 4023 et
400 3953 565 4046 sophistas
580 3968 702 4044 terror,
724 3979 853 4022 summa
870 3953 961 4049 apud
976 3953 1188 4023 Christianos
1204 3953 1260 4023 lae-
