2752 4688
589 457 765 518 ..31-

196 591 322 659 Lenem
338 588 428 656 huno
444 600 476 655 et
490 585 689 680 aequabilem
704 587 778 655 νινε
794 602 944 656 tenorem
959 589 1220 686 haudquaquam

148 703 331 797 interrupit
344 700 495 772 Valentis
509 701 714 788 dominatus,
731 701 907 796 asperrimi
919 704 1022 773 moris
1041 705 1224 800 principis,

148 820 207 912 qui
228 819 346 888 castris
364 816 495 887 tantum
522 816 693 910 armisque
716 829 882 906 assuetus,
903 819 1080 888 Pannonici
1104 821 1222 892 oriun-

150 933 227 1023 dus,
247 929 332 1003 adeo
355 956 529 1002 musarum
553 953 670 1025 expers
692 945 778 1019 erat,
801 945 901 1024 utne
923 956 1064 1026 graecam
1084 935 1221 1028 quidem

149 1048 297 1149 linguam
313 1046 455 1117 calleret.
475 1048 563 1119 Huic
582 1049 707 1117 Noster
724 1045 923 1141 imperiique
935 1050 1084 1118 consorti
1097 1049 1224 1120 Valen-

149 1165 279 1234 tiniano
294 1160 495 1258 gratulatus,
513 1161 691 1230 amborum
707 1159 854 1254 primum
872 1163 1086 1233 concordiam
1107 1180 1226 1236 orator

149 1279 322 1374 praedicat,
342 1278 558 1370 romanisque
580 1275 659 1345 inde
676 1275 777 1346 rebus
799 1275 1004 1347 faustissime
1028 1281 1224 1368 ominatur;

150 1421 227 1464 mox
254 1389 333 1463 νενὸ
361 1394 566 1487 praeconium
586 1392 732 1462 instituit
753 1391 1034 1479 mansuetudinis,
1050 1396 1117 1488 qual
1144 1398 1224 1483 una,

151 1509 275 1605 inquit,
287 1510 428 1578 maxime
439 1525 607 1580 terrarum
623 1508 751 1578 domini
768 1511 843 1578 Deo
861 1509 1050 1588 consimiles
1060 1511 1225 1582 evadunt:

151 1625 229 1704 Ᾰλλ’
241 1627 348 1712 ἐπειδὴ
371 1638 500 1716 ὀνιοινὸς
521 1641 602 1728 ὑμεῖς
616 1635 787 1728 ἀρχηγέτης
807 1643 847 1715 ὡς
862 1632 1097 1729 πρετὸυτοίτους
1119 1665 1153 1706 τε
1173 1641 1225 1707 καὶ

153 1760 371 1852 ἐντιμοτάτους
389 1769 446 1828 τοῦ
459 1766 571 1827 λοιποῦ
589 1761 694 1853 γένους
705 1762 935 1852 προύετῆοατο,
946 1766 1025 1851 μήτε
1040 1763 1114 1854 πρὸς
1126 1764 1223 1839 ἀλλοί-

150 1890 222 1963 λους
233 1886 341 1976 ἑτέροις
353 1883 491 1975 οχοίητε,
503 1885 584 1975 μήτε
595 1884 675 1975 πρὸς
685 1882 810 1975 ἡμεῖς,ἢ
823 1890 863 1962 ὡς
877 1889 893 1950 ὀ
908 1889 1012 1978 πατὴρ
1021 1892 1225 1979 προαιρεῖται·

151 2010 343 2096 προαιρεῖται
360 1994 395 2070 δὲ
414 2002 568 2096 εἰρηνικῶς
586 2001 637 2069 καὶ
652 2004 771 2095 ἡμέρως
791 2003 847 2069 καὶ
861 2002 1100 2094 φιλανθρώπωςγ
1110 2004 1165 2073 καὶ
1183 2013 1224 2086 ὡς

152 2128 246 2204 αιἰτὸς
258 2128 321 2218 ἔχει
334 2129 411 2220 πρὸς
423 2123 465 2193 τὰ
478 2122 559 2192 ἄλλα
579 2127 659 2218 ἔργα
673 2128 767 2193 αὐτοῦ
782 2133 834 2192 καὶ
847 2130 1036 2219 γεννήματα.
1058 2112 1164 2220 ὁρᾶτε
1185 2137 1225 2209 ὡς

152 2256 325 2346 ὀκεραυνὸς
347 2255 484 2347 ὀλιγάκις
500 2253 552 2321 καὶ
570 2255 619 2321 ἐπ’
631 2254 771 2347 ὀλίγους,
794 2255 831 2320 τὸ
848 2263 911 2344 ρῶς
932 2246 967 2321 δὲ
988 2265 1154 2349 πανταχοῦ
1174 2260 1226 2324 καὶ

152 2381 197 2468 ἂρ’
223 2379 348 2446 ἅπασιν.
376 2381 445 2444 Οὐκ
465 2379 577 2445 ἔνεστιν
604 2374 654 2444 οὖν
679 2379 754 2471 πρὸς
778 2377 843 2444 θεὸν
865 2377 1049 2464 ὁμοιωθῆναι
1077 2389 1132 2459 τῆς
1151 2383 1226 2474 πρὸς

152 2502 328 2594 ἀνθρώπους
345 2502 496 2594 εὐμενείας
514 2506 771 2596 ολιγωρήσαντας.
791 2505 837 2570 Οὐ
851 2500 909 2595 γὰρ
925 2509 971 2587 τῷ
990 2507 1057 2595 μετ’
1069 2505 1225 2598 ἐμπειρίας

153 2625 335 2698 ἱππηλατεῖν
353 2623 372 2699 ἢ
393 2617 524 2702 τοξεύειν
548 2627 659 2692 ἐκεῖνον
681 2621 717 2690 οἷν
744 2649 791 2702 τις
809 2617 986 2710 ζηλώσειεν,
1006 2618 1078 2693 οὐδὲ
1097 2626 1142 2720 pir
1165 2626 1226 2696 Δία

153 2760 199 2838 τῷ
216 2755 338 2842 κρατεῖν
354 2756 415 2814 τῶν
431 2752 465 2815 ἐκ
481 2757 535 2815 τοῦ
554 2749 700 2840 σώματος
715 2738 847 2822 ἡδονῶν·
862 2744 943 2814 ἀλλὰ
962 2758 1064 2816 ταῦτα
1081 2754 1150 2816 λίαν
1171 2778 1228 2844 χα·

154 2942 265 3014 uest„
276 2947 306 2998 ιἰι
321 2940 385 3000 Lib.
401 2973 441 2987 ·-
457 2941 549 3000 Altius
560 2937 744 2999 veronoster
757 2939 946 3012 Seeuuclmus,
961 2944 1113 3000 Grandem
1123 2957 1152 3000 ee
1167 2947 1226 3002 dee.

153 3041 203 3096 des
212 3043 362 3112 romarus,
378 3058 405 3098 e.
422 3037 501 3098 xvtt
515 3060 521 3095 :
538 3063 551 3087 ι
564 3037 604 3096 Le
617 3037 721 3115 poison
735 3036 772 3095 de
785 3037 813 3095 la
826 3056 899 3096 εοαι·
908 3051 1063 3116 argmenta
1076 3039 1199 3115 solorre
1211 3044 1228 3098 a

154 3153 268 3193 mesure
280 3135 350 3212 qu’il
362 3135 409 3196 fut
418 3135 483 3212 plus
497 3134 617 3213 separo,
627 3153 666 3194 on
677 3154 715 3192 ne
728 3133 772 3192 dit
787 3132 859 3210 rien,
873 3152 912 3192 on
926 3133 1039 3195 insinua
1052 3146 1124 3193 tout.
1140 3167 1176 3180 -
1186 3135 1228 3194 Le

154 3233 251 3306 sejour
266 3231 303 3289 de
316 3232 460 3310 plusieurs
474 3250 641 3309 erupereurs
653 3252 689 3288 en
701 3231 787 3303 Asie,
805 3242 836 3289 et
847 3231 911 3289 leur
923 3231 1104 3308 perpetuolle
1115 3232 1229 3293 rivalite

155 3328 278 3388 avectos
299 3329 358 3387 rois
379 3328 415 3387 de
428 3330 525 3400 Perse,
543 3329 627 3387 firent
640 3328 723 3405 qu’ils
736 3327 892 3387 voulurent
905 3330 967 3385 etre
989 3329 1093 3386 adores
1114 3348 1227 3388 comme

155 3444 228 3498 εινς
242 3437 271 3483 et
282 3425 456 3502 Diocletien,
469 3423 595 3484 d'autres
609 3425 705 3484 disent
716 3423 840 3496 Gallico,
856 3423 1007 3483 l’ordonna
1022 3444 1123 3503 parua
1134 3425 1202 3486 edit.
1215 3455 1227 3479 ι

155 3522 444 3594 &adsertionem
456 3511 774 3601 Esaaisntlesh‘lngees
783 3524 807 3592 l,
824 3542 851 3599 p.
864 3524 923 3579 280
935 3541 998 3600 sqq.
1011 3540 1020 3581 τ
1031 3546 1047 3574 «ν
1057 3521 1081 3581 ΙΙ
1097 3524 1158 3581 lant
1171 3543 1228 3602 que

155 3620 335 3698 l’eloquenee
351 3621 423 3680 dans
436 3623 476 3680 las
493 3619 672 3679 monarchies
691 3619 733 3678 ait
752 3640 809 3678 une
823 3618 941 3677 marche
952 3619 1019 3697 plns
1030 3619 1228 3699 ciroompeotae

156 3730 187 3776 et
201 3717 266 3797 plus
278 3719 371 3793 lente;
392 3719 412 3776 it
427 3718 489 3777 snut
504 3737 561 3798 que
574 3737 640 3776 sans
654 3736 733 3775 cesse
750 3716 805 3776 elle
823 3715 963 3790 observa,
985 3716 1090 3794 qu'elle
1109 3717 1229 3796 indique

157 3816 223 3892 plus
236 3815 340 3893 qu'elle
350 3835 387 3874 ne
400 3835 559 3895 prononce.
572 3848 612 3860 -
622 3815 645 3873 ll
661 3813 751 3873 lallait
767 3834 832 3873 sans
844 3833 921 3873 cesse
933 3813 1028 3872 forcer
1041 3812 1228 3893 l’expressiou

156 3932 231 3990 pour
252 3932 311 3991 que
323 3911 350 3970 le
363 3912 484 3991 laugage
496 3931 532 3970 ne
546 3912 590 3970 fut
609 3910 693 3989 point
710 3910 882 3970 au·dessous
896 3909 947 3968 des
968 3922 1064 3969 autres
1077 3921 1146 3968 arts.
1171 3911 1229 3974 Des

156 4010 227 4087 qu’il
247 4009 385 4088 s’agissait
398 4009 438 4067 du
457 4009 578 4086 prime,
597 4008 624 4066 le
642 4008 777 4087 peintus,
796 4006 823 4065 le
843 4008 990 4085 sculpteur
1008 4020 1037 4066 et
1053 4007 1228 4067 l’architecte

158 4106 289 4164 laisaieut
301 4127 338 4164 un
349 4105 431 4173 (λίθος
453 4107 592 4163 l'orateur
606 4124 645 4162 ou
656 4102 683 4162 le
694 4108 781 4182 posite
793 4104 842 4181 qui
855 4106 929 4161 n’eot
944 4103 995 4161 fait
1004 4105 1092 4180 qu’un
1103 4104 1229 4178 homme,

157 4206 207 4261 crit
225 4225 297 4282 paru
312 4203 400 4262 laihte
415 4224 452 4260 ou
474 4201 627 4279 coupablc.
642 4228 653 4250 ν
