2752 4688
596 295 641 307 -
666 260 707 323 rt
733 294 777 305 -
814 286 818 296 ·

146 402 224 469 ’ἀλλ’
240 401 292 471 ἐπὶ
311 409 375 480 τοῖς
393 403 507 497 λόγοις.
525 403 627 473 Καὶ...
646 400 731 497 παρὰ
747 394 857 496 ἀνδρὸς
871 407 983 477 ἥκιστα
996 406 1171 498 ἐθμαρόῦς,
1188 393 1233 483 Ιῦς

154 524 427 617 ἐπιστέλλωνπρὸς
443 527 498 598 τὴν
512 524 670 619 γερουσίαν
690 529 766 592 αὐτὸ
781 512 886 593 τοῦτο’
893 515 1060 619 διαρρήδην
1074 532 1232 629 ὁμολογεῖ,

156 653 245 743 μέρος
272 653 379 742 μένπι
403 656 568 742 συμπεῖσαι
597 652 704 743 μόλις,
725 650 762 718 τὸ
792 651 915 741 σύμπαν
936 641 973 717 δὲ
996 654 1039 743 μὴ
1065 643 1232 727 παιδιυθῆ·

154 797 219 858 ναι,
241 770 292 838 καὶ
319 773 368 837 ότι
393 761 488 864 μηδὲν
511 773 698 867 προςείληφα
732 781 881 838 τοσοῦτον
912 773 982 839 ὅσον
1011 750 1232 865 προςτέθεικα,

154 894 334 986 σεμνότερον
351 894 509 986 ἀποφιόνας
526 895 664 986 τοῦνομα
677 903 733 972 τῆς
753 892 848 985 ἀρχῆς
865 903 904 988 τῇ
918 896 1069 985 κοινωνίᾳ.
1092 930 1147 943 -
1167 898 1233 969 Καὶ

155 1017 248 1108 εἰμέν
263 1044 308 1096 τις
327 1018 427 1112 ίροιτο
445 1022 500 1093 τὴν
514 1017 617 1085 αἰτίαν
638 1010 679 1085 δι’
699 1019 734 1092 ἢν
753 1017 846 1084 τότε
863 1018 928 1110 μὲν
944 1018 1162 1108 ἀπώκνησα,
1179 1030 1235 1088 νῦν

156 1136 192 1210 δὲ
226 1147 282 1229 οὐκ
312 1143 371 1225 ἔτι,
393 1148 450 1236 ἐρῶ
487 1133 584 1234 μηδὲν
615 1139 869 1232 ὑποστειλάμενος
884 1145 964 1233 μήτε
983 1130 1177 1237 ἐνδοιάσας(
1204 1133 1230 1235 ).

111 1268 113 1272 ‘
155 1256 219 1323 Vir
236 1256 411 1350 egregiuS‚
428 1252 628 1348 jamdudbm
651 1252 784 1326 arcanis
803 1253 954 1321 initiatus
970 1254 1122 1350 imperii,
1143 1280 1234 1325 eam·

156 1395 222 1464 que
240 1369 488 1463 philosophiam
512 1370 655 1437 maximis
677 1367 862 1462 professus,
878 1392 952 1462 quae
973 1369 1059 1438 bene
1077 1371 1233 1464 gerendae

159 1484 352 1580 reipublicae
366 1483 552 1581 expediret,
571 1482 671 1578 longb
689 1484 707 1551 b
722 1483 927 1577 portentosis
937 1484 1078 1554 Maximi
1098 1486 1233 1582 ineptiis

158 1600 387 1694 discrepabat,
404 1613 505 1693 atque
523 1600 566 1668 ab
586 1599 656 1667 istis
672 1623 784 1666 rerum
807 1597 1037 1667 novandarum
1060 1599 1230 1689 consiliis,

149 1717 334 1809 ‚perspectis
359 1715 539 1802 inanitate,
563 1712 699 1808 prorsirs
719 1712 923 1782 abhorrebat
940 1711 1007 1808 (ο).
1033 1711 1141 1783 Ιηιιιιὸ
1155 1740 1233 1785 cum

146 1813 356 1924 ⁴importuno
383 1808 567 1896 hominum
588 1853 694 1923 grege
724 1851 841 1920 graves
863 1831 1023 1896 Nostrum
1040 1829 1232 1901 inimicitias

160 1944 317 2037 gessisse,
336 1968 376 2011 ex
396 1943 518 2010 amaris
538 1944 641 2035 ipsius
662 1940 864 2034 quibusdam
887 1941 996 2010 verbis
1020 1943 1234 2037 conjectave-

160 2059 238 2127 rim.
264 2057 346 2129 Illos
368 2059 459 2126 enim
478 2055 705 2151 procul->arcet
727 2056 746 2123 b
773 2048 1052 2150 philosophorum
1072 2082 1232 2147 numero,

161 2197 222 2267 per
236 2197 351 2241 eorum
365 2169 468 2239 malas
484 2185 573 2239 artes
588 2195 701 2238 veram
719 2185 753 2239 et
770 2171 966 2265 germanam
985 2168 1238 2265 philosophiam

160 2294 358 2387 vapulasse,
377 2308 476 2387 atque
497 2290 683 2388 neglectam
698 2292 844 2386 jacuisse
864 2293 1019 2386 queritur
1038 2278 1235 2384 ιᾸνωθεν,ὦ

161 2421 315 2503 βασιλεῖς,
333 2422 433 2487 εὔνοια
450 2419 505 2486 καὶ
526 2419 683 2513 συγγένεια
704 2391 845 2510 βασιλείᾳ
858 2419 934 2511 πρὸς
951 2419 1129 2511 φιλοσοφίαν
1149 2418 1234 2488 ἔστί·

161 2541 213 2610 καὶ
230 2543 281 2609 ἐπὶ
299 2546 355 2629 τὴν
371 2541 463 2616 αὐτὴν
479 2540 581 2635 χρείαν
601 2537 796 2634 κατέπεμψεν
806 2545 827 2608 θ
846 2540 914 2620 θεὸς
927 2543 1103 2636 ἀμφοτέρας
1127 2542 1166 2621 εἰς
1178 2547 1235 2620 τλν

161 2676 241 2762 γῆν,
267 2664 494 2758 ἐπιμελεῖσθαι,
519 2665 571 2732 καὶ
590 2665 828 2757 ἐπανορθοῦσθαι
856 2667 928 2744 τοὺς
957 2665 1152 2759 ἀνθρώπους,
1173 2668 1235 2742 τὴν

156 2791 217 2879 μὲν
240 2780 448 2857 διδάσκουσαν
470 2788 512 2856 τὰ
530 2787 647 2884 ἀγαθὰ,
661 2791 717 2862 τὴν
738 2780 773 2855 δὲ
792 2798 996 2884 χορηγοῦσαι.
1018 2797 1121 2860 Τοῦτο
1137 2788 1235 2858 τοίνυν

163 2913 239 2980 αὐτὸ
260 2919 384 3004 πρῶτον
404 2921 551 3004 ποιοῦμαι
570 2921 626 2989 τῆς
644 2913 791 3004 ὑμετέρας
811 2914 926 3004 φόσεως
946 2919 1089 3004 σιομιῖον,
1110 2915 1161 2980 ὅτι
1179 2913 1236 2986 τὴν

163 3036 336 3129 συγγένειαν
358 3037 476 3108 ταύτην
493 3037 547 3101 οὐκ
560 3036 733 3126 ἡγνοόσατε
751 3024 822 3101 οὐδὲ
849 3035 1021 3103 πεπόνθατε
1039 3035 1155 3101 ταύτὸν
1174 3041 1237 3115 τοῖς

162 3164 311 3243 πολλοῖς,
333 3156 361 3225 ol
380 3148 442 3222 διὰ
456 3157 543 3234 τοὺς
564 3157 699 3248 νόθους
723 3168 779 3224 τοῦ
804 3153 991 3252 πράγματος
1013 3150 1238 3251 δυςχεραίνουσι

204 3340 243 3422 (ι)
264 3343 345 3400 Orat.
357 3339 486 3418 XXXIV,
502 3360 530 3417 μ.
545 3341 613 3417 459,

206 3437 247 3515 (a)
268 3437 322 3496 Les
335 3436 465 3495 hommes
479 3424 585 3508 d‘Etar,
600 3435 641 3494 les
652 3453 733 3514 sages
755 3435 795 3494 du
811 3435 1002 3515 polytheisme
1017 3455 1049 3494 se
1063 3436 1237 3515 re'jmiissent
1308 3447 1312 3455 '

164 3553 229 3593 sans
243 3533 330 3592 dorne
344 3532 381 3591 de
395 3534 587 3592 l'avenement
599 3531 636 3591 de
649 3534 756 3606 Julien,
778 3533 851 3592 mais
868 3532 902 3591 ils
917 3553 953 3591 ne
968 3545 1084 3611 portent
1101 3553 1153 3611 pas
1166 3531 1238 3591 dans

164 3631 191 3688 la
203 3632 393 3688 restauration
409 3631 445 3689 de
461 3631 582 3690 l'ancien
602 3629 679 3688 culte
699 3629 726 3688 la
741 3632 833 3688 meme
850 3630 966 3689 ferreus
978 3642 1007 3686 et
1028 3629 1053 3687 la
1065 3633 1157 3688 meme
1172 3649 1239 3708 pas·

166 3729 228 3786 sion
245 3748 302 3806 que
315 3728 355 3786 les
369 3728 566 3808 philosophes.
588 3728 643 3785 Les
656 3725 847 3800 The'mistius‚
871 3727 911 3786 les
926 3725 1075 3801 Libanius,
1094 3728 1135 3785 les
1146 3726 1239 3786 Sallu-

165 3838 209 3884 ste
224 3837 372 3883 montrent
393 3845 447 3903 pen
471 3825 508 3883 de
523 3826 594 3903 goht
617 3817 695 3901 pour
716 3825 743 3881 le
759 3825 934 3902 mysticisme
947 3836 976 3882 et
996 3824 1024 3883 la
1038 3825 1168 3904 theurgie
1187 3825 1238 3884 des

166 3923 291 3982 Maxime
313 3936 341 3981 et
365 3923 415 3980 des
435 3923 626 3998 Chrysanthe.
650 3925 722 3980 Hist.
738 3928 798 3982 crit.
813 3926 848 3979 ele
863 3911 934 3980 I’B‘c.
955 3917 1180 3993 d'AIexandrie,
1199 3925 1236 3999 ll,

167 4041 196 4097 p.
215 4022 279 4078 158.
