2752 4688
617 320 661 332 ..
685 287 727 349 ῃ
750 320 794 331 .-

175 413 265 503 losa,
282 415 384 510 quim
402 439 479 508 qun
495 413 620 487 Iuliani
638 418 781 512 imperio
794 417 968 490 delinitur.
991 418 1076 489 Nam
1096 430 1250 491 veterum

174 545 208 598 et
223 530 447 600 recentiorum
467 531 672 625 scriptorum
684 535 777 601 omni
787 531 1004 604 destituimur
1016 529 1157 608 auxillo.
1171 533 1252 624 lpse

173 658 285 715 autem
304 645 521 733 Themistius,
545 647 573 719 si
591 645 679 716 forte
705 647 739 721 in
764 647 938 719 lulianum
953 644 1093 732 incidat,
1110 645 1249 721 mocisi

173 761 364 837 cautissime
376 775 412 830 et
429 761 636 846 brevissime,
649 788 710 857 per
727 763 905 859 aenigmata
918 775 953 831 et
965 761 1137 857 ambages,
1149 784 1253 858 agere

173 875 329 965 videtur;
351 891 511 972 tanquam
530 877 723 947 meminisse
741 878 813 972 ejus
838 891 873 946 et
900 878 1043 948 invisam
1068 877 1249 949 materiem

175 1004 320 1060 tractare
329 989 493 1087 defugiat.
507 993 601 1061 Inter
615 1006 798 1086 utrumque
810 1005 923 1060 tamen
936 992 1172 1091 gravissimum
1185 990 1251 1060 dis·

174 1103 296 1174 sidium
312 1106 474 1175 exstitisse
492 1130 533 1174 ex
551 1105 690 1175 diversis
706 1108 909 1181 Orationum
925 1105 1007 1175 locis
1026 1106 1106 1174 satis
1122 1104 1249 1200 proba·

176 1230 289 1301 biliter
304 1231 416 1327 colligi
431 1247 564 1326 potest:
582 1224 706 1312 Αἰδοῖος
718 1235 774 1325 μὲν
792 1231 860 1324 ἐμοὶ
875 1235 985 1312 ἐκεῖνος
1008 1237 1025 1298 ὁ
1045 1230 1248 1331 αὐτοκράτωρ

175 1359 226 1426 καὶ
252 1360 353 1437 ποίσης
375 1352 459 1437 ἄξιος
476 1362 596 1450 μνήμης
621 1360 789 1450 εὐφήμου...
816 1353 921 1424 πολλὰ
947 1348 982 1423 δὲ
1002 1355 1031 1423 oi
1060 1353 1161 1447 καιροὶ
1186 1363 1251 1425 τῶν

175 1481 367 1574 ἀνθρωπίνων
396 1492 532 1551 ποιοῦσιν
564 1485 673 1573 ἑτέρως
690 1480 710 1555 ἢ
730 1488 770 1558 ὡς
789 1483 965 1573 πέπρακται
983 1479 1172 1569 νομισθῆναι.
1195 1512 1250 1524 ·-

175 1605 338 1689 XXXIV,
355 1627 387 1696 p.
404 1602 489 1688 458.
503 1594 660 1698 -Ᾰριιεῐ
683 1629 736 1696 μοι
755 1604 993 1688 unsaraizos,
1015 1609 1031 1671 ὁ
1052 1603 1167 1694 κόσμον
1194 1612 1249 1680 τῆς

174 1735 285 1796 ἑαυτοῦ
315 1729 472 1814 βασιλείας
494 1735 550 1806 τὴν
570 1734 644 1822 ἐμήν
664 1728 845 1822 φιλοσοφίαν
864 1729 956 1796 εἰπὼν
976 1723 1145 1811 πολλάκις,
1163 1727 1254 1820 ἀρκεῖ

176 1852 355 1936 βιασθεὶς
378 1840 572 1933 lustrant<
606 1864 662 1931 τῆς
693 1853 870 1944 οἰκουμένης
900 1856 1029 1920 καλέσαι
1060 1845 1248 1943 aspondius-la

174 1969 280 2061 ἄξιον,
297 1980 333 2042 οὐ
352 1978 444 2069 μόνον
469 1987 523 2056 τῆς
539 1980 768 2059 καλλιπόλεως,
784 1976 838 2044 καὶ
854 1972 896 2044 τὰ
911 1986 1023 2069 πρῶτα
1040 1977 1181 2068 φέρεσθαι
1200 2001 1248 2068 ρι-

170 2099 318 2188 λοσορίας
334 2084 364 2166 ἐν
379 2098 555 2193 γράμμασιν
574 2103 779 2194 ὁμολογήσας.
795 2137 844 2150 -
865 2099 1000 2182 XXXI,
1019 2122 1053 2190 p.
1079 2092 1159 2180 354.
1186 2093 1245 2165 Cf.

175 2212 255 2299 vn,
273 2235 305 2305 r·
327 2237 386 2309 99·
981 2263 982 2266 ψ

222 2327 325 2417 Quod
341 2327 526 2415 dissidium,
543 2327 634 2398 unde
652 2345 766 2398 ortum
786 2330 842 2413 sit,
861 2329 976 2397 statim
994 2325 1174 2422 intelliges,
1196 2325 1248 2393 fa·

175 2464 308 2511 mosum
321 2441 404 2512 illud
420 2442 615 2513 recordatus
633 2443 835 2533 consilium,
852 2468 921 2538 quo
936 2441 1089 2513 labantes
1105 2441 1249 2510 deorum

92 2575 100 2594 ⁸
175 2578 249 2625 aras
258 2556 470 2642 confirmare,
480 2573 703 2652 veterumque
719 2558 898 2654 religiones
907 2583 967 2652 per
981 2558 1176 2626 universum
1191 2557 1250 2624 im·

145 2746 163 2776 ,
178 2670 306 2762 perium
319 2671 667 2758 restituero,Julianus
681 2688 729 2742 est
740 2697 930 2768 aggressus.
944 2673 1015 2740 Etsi
1025 2672 1114 2740 enim
1122 2673 1248 2748 Noster

177 2783 311 2880 gentilis
329 2802 411 2870 erat,
444 2784 551 2865 multb
579 2788 690 2856 minias
713 2803 825 2858 tamen
853 2812 873 2855 a
901 2787 1169 2859 Christianorum
1195 2813 1249 2865 ra·

177 2902 270 2970 lione
286 2899 417 2970 alienus
435 2902 548 2989 fuerit,
566 2904 667 2995 quim
689 2900 709 2972 ὲ
726 2903 874 2995 pessimo
901 2902 965 2970 isto
987 2915 1021 2971 et
1052 2900 1250 2973 detestando

176 3015 454 3109 superstitionum
483 3023 617 3110 genere,
643 3015 751 3111 quod,
784 3032 897 3089 ortum
923 3015 943 3090 ὲ
967 3014 1172 3104 lamblioho,
1195 3041 1248 3087 re-

176 3129 364 3207 centiorum
384 3127 636 3205 Platonicorum
656 3146 763 3205 coetus
782 3129 970 3204 incredibili
988 3129 1100 3205 studio
1125 3156 1250 3226 propa·
1349 3170 1351 3175 ·

178 3269 258 3340 gare
274 3244 447 3329 nitebatur
467 3245 530 3342 (t).
548 3247 746 3317 Doctrinam
767 3247 864 3314 istam
881 3260 964 3315 tunc
988 3269 1103 3314 recens
1125 3244 1250 3320 condi·

131 3354 133 3358 ¹
180 3373 248 3431 tam
264 3374 297 3429 et
309 3360 636 3454 repudiasse'lloster
647 3376 682 3430 et
691 3361 839 3431 lautores
852 3362 935 3459 ejus,
948 3376 1108 3455 tanquam
1126 3360 1251 3430 notbos

220 3524 261 3604 (ι)
284 3524 342 3597 Qui
355 3525 425 3584 verb
448 3528 575 3599 lactum,
595 3540 626 3584 nt
649 3527 729 3606 apud
751 3527 916 3606 Eunapium
931 3526 1116 3597 Sardianum,
1141 3525 1192 3603 qui
1213 3545 1251 3587 ox

180 3622 310 3701 professo
327 3623 568 3702 philosophorum
589 3626 634 3683 sui
653 3625 792 3704 temporis
808 3625 879 3685 vitas
892 3625 1039 3689 luculenta
1052 3622 1251 3701 adscriptione

179 3719 342 3792 exornavit,
363 3720 441 3798 apud
454 3723 549 3781 Aram.
569 3721 694 3780 Marcell.
708 3721 744 3779 de
758 3732 859 3779 nostro
879 3720 1040 3780 'l‘hemistio
1055 3719 1167 3778 nullum
1183 3736 1251 3796 pro·

182 3815 258 3873 tinus
279 3827 308 3873 et
331 3815 448 3896 penitus
469 3817 619 3894 vestigium
646 3820 799 3879 exstetl...
823 3820 887 3890 Qua
905 3837 976 3876 vero
999 3817 1028 3876 id
1052 3817 1164 3875 ratione
1184 3835 1254 3874 eve·

181 3912 270 3981 nerit,
291 3931 349 3970 non
364 3911 460 3970 video.
471 3913 577 3972 Odium
593 3933 661 3993 erga
679 3915 847 3993 religionem
867 3914 954 3973 luisse
969 3927 1101 3983 autumo,
1113 3931 1172 3990 qno
1186 3912 1252 3986 nul·

181 4009 241 4067 lum
256 4009 373 4086 gravius
390 4021 440 4068 aut
456 4011 581 4068 atrorius
595 4030 658 4069 esse
673 4031 719 4070 res
736 4012 849 4070 clamat.
866 4013 984 4091 Quippe
1003 4010 1254 4093 christianismum

183 4109 296 4184 raptata
312 4106 397 4164 etiam
412 4107 564 4167 occasione
574 4108 729 4167 insectatus
743 4122 786 4168 est
802 4108 967 4168 Sardianus.
989 4113 1026 4167 (l.
1045 4110 1067 4173 ll
