2752 4688
591 312 768 374 -ll-

146 475 232 551 νειμ·
259 471 288 518 ν.
306 477 335 518 τ.
349 457 379 517 λ·
393 438 457 543 (ι).
472 449 549 535 Sed,
572 448 751 545 diligenter
774 463 950 545 perspecto
972 447 1059 539 loco,
1079 453 1216 521 nonnisi

147 562 188 630 de
211 563 421 656 imperatoris
446 564 704 634 mansuetudine
727 565 911 660 generatim
931 561 1023 657 loqui
1046 578 1217 636 oratorem

146 690 254 770 putes.

193 796 281 864 Utnt
295 822 364 867 sese
378 826 432 871 res
443 797 600 870 habuerit
602 794 712 890 ,apud
722 793 973 865 Theodosium
966 809 1216 888 imperatorem,

146 921 184 975 ut
205 908 312 1001 quiam
331 913 487 1003 maximd,
511 910 654 988 valuisse
672 910 780 1004 gratia
793 924 826 979 et
846 909 1046 986 auctoritate
1063 909 1217 979 Themis·

144 1021 227 1090 tium
254 1025 323 1118 jam
352 1013 561 1123 compertum
582 1040 642 1095 est.
654 1027 820 1118 Namque
839 1048 908 1092 uno
928 1023 990 1092 sub
1013 1005 1216 1110 Theodosio,

144 1138 237 1230 quod
263 1165 364 1236 supra
387 1141 655 1238 disceptavimus,
677 1137 877 1232 praefectura
909 1137 1046 1208 functus
1070 1147 1133 1226 est3
1160 1138 1216 1208 cui

143 1251 312 1349 dignitati,
325 1270 363 1324 ut
378 1257 568 1352 praecipuae,
589 1253 802 1348 competebat
814 1251 870 1348 jus
888 1252 975 1321 sedis
990 1254 1217 1349 prerogativae

144 1367 178 1433 iu
194 1383 322 1455 senatu,
340 1371 492 1464 carpenti
511 1369 661 1465 argentei
689 1382 721 1436 et
748 1369 925 1462 praeconis.
947 1369 1002 1436 Ob
1027 1381 1216 1461 susceptam

143 1476 220 1548 vend
240 1481 439 1578 dignitatem
466 1483 618 1554 maledici
645 1482 818 1576 cujusdam
841 1496 947 1576 poetae
975 1483 1217 1577 epigrammate

142 1604 326 1701 appetitus,
346 1606 438 1677 illam
453 1610 521 1704 περὶ
539 1599 645 1701 Ᾰρχῆς
662 1604 850 1674 orationem
866 1606 1028 1691 recitavit,
1051 1630 1152 1700 quam
1174 1629 1218 1675 ex

144 1718 379 1811 Ambrosiand,
397 1716 456 1790 ubi
478 1720 648 1789 oblivione
667 1719 790 1788 obruta
807 1718 865 1787 diii
884 1717 1038 1804 latuerat,
1061 1718 1218 1788 doctissi-

145 1856 220 1902 mus
233 1835 345 1904 Maius
361 1836 394 1903 in
410 1833 518 1904 lucem
538 1835 717 1932 protraxit.
732 1831 876 1905 Pallade.
888 1848 1001 1904 autem
1018 1834 1053 1901 in
1067 1833 1220 1902 Themis·

146 1948 229 2016 tium
252 1951 470 2046 epigramma,
485 1949 577 2046 quod
592 1964 750 2044 argutum
765 1963 800 2018 et
811 1950 1024 2049 ingeniosum
1039 1973 1108 2018 esse
1125 1947 1218 2042 judi·

147 2076 200 2131 cat
222 2060 388 2153 Patavius,
402 2058 447 2134 'in
469 2091 510 2134 eo
536 2077 699 2151 versatur,
727 2078 765 2133 ut
783 2088 909 2133 novum
940 2063 1175 2161 magistratum
1198 2064 1217 2137 lt

147 2174 279 2272 fastigio
291 2203 325 2247 se
340 2179 560 2275 philosophiae
578 2179 747 2248 demisisse
760 2166 981 2250 criminetur:
1020 2210 1021 2214 ¹

266 2364 390 2449 Ἄντυγος
403 2371 525 2454 οὐρανίης
533 2370 697 2454 ὕπερήμενος
714 2373 740 2438 ἔς
757 2368 838 2429 πόθον
856 2361 934 2444 ἦλθες

306 2465 429 2547 Ἄντυγος
440 2467 580 2549 ἀργυρέης,
594 2459 687 2546 αἶσχος
702 2465 864 2548 ἀπειρέσιον.

265 2555 356 2624 Ἧσθα
367 2563 432 2624 ποτὲ
445 2567 588 2645 κρείσσων·
602 2556 676 2634 αὖθις
688 2565 710 2623 δ’
721 2563 810 2642 ἐγένου
821 2560 889 2622 πολὺ
903 2563 1012 2646 χείρων·

306 2663 382 2743 Δεῦρ’
396 2660 509 2735 ἅνοίόηθι
520 2660 601 2732 κότον,
614 2666 657 2720 νῦν
671 2660 723 2740 γὰρ
739 2659 793 2720 ἅνω
809 2658 934 2733 κοιτίόης.

197 2834 262 2908 Hic
280 2839 389 2907 obiter
407 2840 593 2909 notandum
606 2841 751 2935 speciem
769 2838 933 2909 libertatis
950 2842 985 2909 in
999 2838 1126 2910 litteras
1142 2864 1219 2934 per·

148 2951 293 3046 fugisse,
326 2951 431 3046 quiim
451 2952 631 3049 publicise
654 2952 802 3022 consiliis
822 2954 1022 3047 jamdudlrm
1043 2952 1217 3048 exulasset.

149 3069 191 3134 At
208 3067 335 3134 emman
353 3066 400 3136 ita
415 3066 512 3137 diluit
532 3068 758 3158 Themistius,
789 3082 827 3137 ut
845 3069 1055 3138 ostentandis
1080 3084 1115 3138 et
1133 3093 1218 3138 enu-

148 3180 318 3249 merandis
340 3181 556 3269 muneribus,
577 3207 651 3275 quae
671 3207 732 3276 per
758 3207 864 3251 annos
884 3187 945 3253 XL
968 3185 1124 3278 gesserit,
1146 3183 1221 3277 phi·

149 3292 337 3389 losophiam
370 3294 517 3366 declaret
545 3296 690 3366 multllm
714 3296 948 3391 splendorisit
975 3323 1009 3366 se
1031 3298 1216 3391 accepisse,

149 3413 272 3484 nedum
288 3417 535 3512 deprimeretur
552 3445 559 3486 :
580 3421 618 3489 Εἰ
633 3413 669 3490 δέ
684 3449 731 3491 σοι
747 3423 818 3492 λίαν
844 3427 860 3489 ό
879 3422 985 3516 χρόνος
1009 3415 1096 3490 δοκεῖ
1111 3423 1218 3515 σεμνόν

149 3565 181 3606 τι
193 3535 266 3608 εἶναι
283 3543 335 3609 καὶ
346 3537 629 3636 περισπούδαστον,
642 3545 775 3640 ὑπάρχοι
790 3570 838 3626 σοι
848 3545 899 3611 καὶ
911 3546 1010 3638 χρόνῳ
1026 3547 1219 3638 σεμνύνεσθαι

149 3669 219 3736 ὅσον
235 3667 461 3759 πεπολίτευμαι
475 3679 515 3758 τῇ
532 3670 720 3740 καλλιπόλει.
741 3659 827 3737 Οὐδὲ
848 3666 904 3762 γὰρ
920 3662 953 3745 ἐξ
977 3669 1073 3760 ἀρχῆς
1092 3671 1156 3747 νέος
1178 3667 1217 3763 ὢν

150 3791 206 3864 τὴν
227 3793 256 3856 ἐν
284 3797 351 3869 ταῖς
372 3791 494 3885 γωνίαις
514 3791 692 3888 ριλοσορίαν
713 3792 856 3882 εἱλόμην,
879 3792 947 3858 ἀλλ’
978 3783 1154 3891 ἐκπαίδων
1180 3790 1220 3873 είς

193 4039 233 4121 (a)
256 4044 335 4102 Orat.
352 4043 429 4121 xlx,
444 4063 475 4124 p.
491 4064 558 4118 ²²9·
