2752 4688
589 392 766 459 ...135-

148 535 259 590 autem
279 522 444 607 omisisse,
466 522 541 614 quis
566 519 860 615 diligentissimum
890 520 1079 591 litterarum
1110 521 1220 592 culto-

148 659 218 704 rem
247 633 367 731 putet?
392 635 502 706 Nemo
532 635 648 729 itaque
675 634 817 705 miretur
840 635 1033 730 ambiguam
1056 637 1222 709 Christia-

149 751 402 845 nismispeciem
420 748 646 844 eloquentiam
664 751 771 820 nostri
787 749 908 844 saepius
921 748 1061 842 referre,
1083 768 1116 822 et
1132 778 1222 822 novo

148 864 295 959 quodam
321 865 441 960 spiritu
468 863 573 934 videri
592 865 752 936 afflatam.
782 868 954 960 Nusquam
979 881 1094 937 autem
1116 869 1223 962 magis

148 981 329 1075 conspicue
358 981 459 1073 quam
480 980 515 1047 in
534 980 689 1048 oratione
708 983 741 1049 X
764 978 821 1050 ille
836 982 962 1050 eminet
982 1009 989 1053 :
1009 983 1088 1076 qna,
1109 982 1222 1053 fractis

148 1092 236 1164 bello
259 1109 293 1163 et
322 1091 521 1188 suppliciter
542 1094 717 1163 orantibus
739 1095 889 1182 Gotthis,
915 1094 1039 1164 donata
1067 1096 1111 1165 de
1143 1122 1224 1191 paee

148 1224 268 1281 contra
288 1223 460 1302 receptum
484 1209 651 1302 majorum
673 1232 817 1298 morem,
846 1212 970 1305 gratias
988 1212 1058 1307 agit
1083 1213 1223 1282 Themi·

149 1326 234 1393 stius
253 1324 456 1417 imperatori.
471 1323 566 1413 Quid
585 1326 673 1393 enim
686 1351 810 1395 novum
827 1329 933 1421 magis
949 1340 982 1394 et
994 1327 1100 1421 magis
1118 1327 1224 1397 inusi-
1272 1323 1273 1327 ’

150 1455 271 1528 tatum,
293 1440 379 1533 ptoh
406 1439 535 1533 Appios
556 1453 591 1508 et
615 1438 791 1510 Camillos!
817 1442 918 1533 quam
945 1465 1123 1510 romanum
1149 1465 1223 1511 ora·

150 1567 273 1641 torem,
293 1555 411 1623 initam
432 1578 511 1623 cum
533 1553 684 1623 barbaris
703 1578 819 1646 pacem
839 1554 873 1621 in
890 1568 1008 1622 senatu
1024 1554 1225 1649 praedicare,

150 1666 306 1738 laudibus
323 1665 499 1748 extollere3
518 1665 646 1739 bellicis
670 1669 805 1762 tropaeis
823 1667 1013 1759 hominum,
1040 1665 1144 1738 immb
1163 1672 1224 1739 ho·

149 1792 251 1860 stium
267 1791 396 1860 animas
413 1801 617 1884 anteponere
635 1818 643 1859 z
663 1794 704 1858 Οἱ
721 1794 774 1885 μὲν
795 1804 855 1861 τῶν
874 1803 1010 1868 ποιητῶν
1026 1795 1114 1889 λόγοι
1128 1796 1180 1862 καὶ
1196 1797 1224 1864 οἱ

150 1925 212 1984 τῶν
226 1919 360 2012 ρητόρων
376 1915 449 1993 ἴσως
460 1916 514 2009 μὲν
524 1913 601 1983 άλλο
612 1942 643 1983 τι
658 1918 793 2010 χρηστὸν
813 1918 907 2009 ἔχοιεν
927 1912 975 2001 όιν,
991 1916 1025 1984 οὗ
1041 1910 1076 1984 δὲ
1087 1919 1225 2010 μάλιστα

150 2042 240 2136 ἐχρῆν
259 2041 505 2132 πεφροντικέναι,
524 2049 625 2106 τοῦτο·
637 2048 804 2134 παρορῶσι.
824 2042 870 2108 Τὸ
887 2037 945 2135 γὰρ
963 2043 1087 2133 μέγεθος
1109 2045 1139 2107 ἐν
1157 2048 1225 2121 ταῖς

150 2158 307 2258 πράξεσιν,
321 2167 355 2232 οὐ
372 2165 429 2237 τὴν
449 2162 571 2256 ἀρετὴν,
588 2156 784 2248 ἐπιζητοῦσι,
797 2163 849 2230 καὶ
868 2155 922 2232 διὰ
941 2175 1035 2263 τοῦτο
1050 2163 1106 2243 τὰς
1124 2191 1224 2259 παρα·

151 2280 270 2369 τάξεις,
288 2284 340 2352 καὶ
359 2287 429 2364 τοὺς
447 2286 597 2378 πολέμους
616 2286 668 2352 καὶ
686 2294 875 2380 curvaspina
895 2289 945 2354 τὸν
964 2288 1089 2381 ἀριθμὸν
1106 2279 1224 2383 διατρι-

151 2403 208 2485 όὴν
228 2420 387 2477 ποιοῦνται
406 2417 472 2487 τοῖς
490 2409 618 2502 λόγοις,
636 2409 741 2477 καὶτὸ
760 2411 839 2478 πολὺ
859 2419 920 2478 τῶν
943 2413 1101 2507 ἐγκωμίων
1119 2417 1224 2491 αὐτοῖς

151 2534 180 2601 οἱ
197 2531 283 2624 φόνοι
300 2531 353 2600 καὶ
371 2531 402 2599 αἱ
419 2532 597 2626 πορθήσεις·
616 2530 733 2627 ιίριόνην
753 2525 788 2598 δὲ
809 2535 839 2599 ἐν
858 2543 955 2626 καιρῷ
973 2540 1154 2629 γινομένην,
1172 2537 1226 2604 καὶ

151 2655 232 2750 μετὰ
244 2667 299 2725 τοῦ
311 2658 483 2750 πρέποντος
500 2656 671 2748 σχήματος,
688 2646 788 2733 οὐδεὶς
802 2658 931 2724 πώποτε
950 2655 1086 2726 tenete
1101 2665 1224 2728 πολλῶν

151 2777 307 2874 τροπαίων
328 2777 524 2870 τιμιωτέραν.
545 2774 591 2843 Τὸ
609 2767 645 2843 δὲ
661 2780 721 2868 οὐχ
735 2781 833 2856 οὕτως
850 2778 925 2869 ἔχει,
939 2776 1020 2846 ἀλλὰ
1035 2790 1092 2847 τοῦ
1105 2791 1226 2856 νικῆσαι

151 2901 300 2982 πολλάκις
318 2900 356 2969 τὸ
371 2902 428 2974 τὴν
447 2899 532 2973 νίκην
549 2890 701 2993 ὑπεριδεῖν
720 2901 912 2994 ἐντιμότερον
932 2891 946 2993 (
968 2890 996 2995 ).

200 3010 265 3084 Hic
289 3013 379 3084 subit
403 3012 555 3082 animum
572 3010 629 3111 ille
646 3013 754 3082 Taciti
767 3012 873 3097 locus,
888 3014 946 3083 ubi
965 3029 1118 3087 mutuam
1140 3021 1226 3089 Ger·

151 3153 330 3198 manorum
350 3127 630 3214 internecionem,
654 3124 825 3222 spectante
849 3132 921 3198 aeie
953 3133 1108 3221 romana,
1131 3130 1227 3223 plata·

151 3242 288 3313 bundus
309 3257 437 3333 narrat,
457 3257 491 3311 et
510 3243 545 3310 in
564 3241 733 3311 excidium
760 3242 909 3312 hostium
926 3247 1075 3335 nominis
1094 3251 1226 3319 romani

153 3356 645 3450 atrocissimanuncupatvota:
658 3386 673 3419 ιι
682 3359 700 3424 J
704 3371 783 3425 uxta
790 3361 973 3427 Tencteros
986 3363 1138 3431 Bructeri
1146 3361 1227 3433 olim

153 3502 170 3537 ιι
186 3471 424 3558 occurrebaut;
435 3495 527 3539 nunc
542 3471 734 3540 Chamavos
744 3485 777 3539 et
787 3463 1005 3566 Angrivarios
1018 3474 1227 3570 immigrasse

154 3617 170 3651 (ι
190 3586 360 3673 narratur,
376 3584 482 3682 pulsis
496 3585 667 3656 Bructeris
684 3609 723 3654 ac
740 3579 875 3679 penitius
891 3588 1020 3678 excisis,
1041 3590 1226 3661 vicinarum

153 3731 170 3766 «
189 3724 353 3794 consensu
368 3701 557 3789 nationum,
568 3719 570 3722 ’
580 3724 638 3768 seu
653 3699 817 3794 superbiae
835 3700 926 3788 odio,
947 3727 1004 3770 seu
1019 3704 1139 3797 praedae
1152 3704 1227 3776 dul·

155 3817 319 3904 «codiee,
342 3840 399 3884 seu
420 3815 535 3883 favore
555 3813 700 3908 quodam
725 3839 805 3908 erga
823 3840 883 3883 nos
901 3815 1063 3904 deorum3
1088 3843 1164 3889 nam
1185 3846 1228 3890 ne

153 3959 171 3993 «
186 3928 528 4024 ¹spectaculoquidem
539 3926 644 4022 praelii
655 3929 804 3997 invidere
814 3954 822 4016 ς
834 3934 1115 4026 supersexagiuta
1125 3933 1227 4004 millia

196 4145 235 4220 (1)
258 4148 337 4203 Orat.
352 4144 385 4216 X,
402 4165 427 4219 p.
449 4146 564 4199 ινα-
582 4142 669 4216 etp.
687 4143 748 4198 131.
1052 4218 1055 4224 .

1059 4250 1089 4308 3.
